<?xml version="1.0" encoding="UTF-8"?>
<!DOCTYPE html PUBLIC "-//W3C//DTD XHTML 1.0 Transitional//EN"
    "http://www.w3.org/TR/xhtml1/DTD/xhtml1-transitional.dtd">
<html xmlns="http://www.w3.org/1999/xhtml" xml:lang="en" lang="en">
 <head>
  <title>
</title>
<meta http-equiv="Content-Type" content="text/html;charset=utf-8" />
  <meta name='ocr-system' content='tesseract 3.04.00' />
  <meta name='ocr-capabilities' content='ocr_page ocr_carea ocr_par ocr_line ocrx_word'/>
</head>
<body>
  <div class='ocr_page' id='page_1' title='image "./nicandricolopho00nicagoog/nicandricolopho00nicagoog_0457.png"; bbox 0 0 2550 4726; ppageno 0'>
   <div class='ocr_carea' id='block_1_1' title="bbox 168 423 1184 515">
    <p class='ocr_par' dir='ltr' id='par_1_1' title="bbox 168 423 1184 515">
     <span class='ocr_line' id='line_1_1' title="bbox 168 423 1184 515; baseline 0.008 -30"><span class='ocrx_word' id='word_1_1' title='bbox 168 506 171 511; x_wconf 18' lang='grc' dir='ltr'>ἱ</span> <span class='ocrx_word' id='word_1_2' title='bbox 214 427 276 515; x_wconf 74' lang='lat'>396</span> <span class='ocrx_word' id='word_1_3' title='bbox 316 423 513 492; x_wconf 76' lang='lat' dir='ltr'>ulctuoul</span> <span class='ocrx_word' id='word_1_4' title='bbox 540 429 833 493; x_wconf 77' lang='lat' dir='ltr'>Tfluulacouvu</span> <span class='ocrx_word' id='word_1_5' title='bbox 857 428 1008 513; x_wconf 70' lang='lat' dir='ltr'>vuasto</span> <span class='ocrx_word' id='word_1_6' title='bbox 1030 428 1184 494; x_wconf 66' lang='lat' dir='ltr'>eruut.</span> 
     </span>
    </p>
   </div>
   <div class='ocr_carea' id='block_1_2' title="bbox 122 566 1264 3358">
    <p class='ocr_par' dir='ltr' id='par_1_2' title="bbox 206 566 1234 908">
     <span class='ocr_line' id='line_1_2' title="bbox 251 566 1233 679; baseline -0.002 -23"><span class='ocrx_word' id='word_1_7' title='bbox 251 652 255 665; x_wconf 84' lang='grc'><em>,</em></span> <span class='ocrx_word' id='word_1_8' title='bbox 296 566 583 679; x_wconf 44' lang='lat' dir='ltr'>Veragri-2929.</span> <span class='ocrx_word' id='word_1_9' title='bbox 604 595 698 660; x_wconf 88' lang='lat' dir='ltr'>Potes</span> <span class='ocrx_word' id='word_1_10' title='bbox 716 600 807 661; x_wconf 87' lang='lat' dir='ltr'>etiam</span> <span class='ocrx_word' id='word_1_11' title='bbox 829 619 919 658; x_wconf 84' lang='lat' dir='ltr'>aerea</span> <span class='ocrx_word' id='word_1_12' title='bbox 943 596 1105 656; x_wconf 71' lang='lat' dir='ltr'><strong>cucurbita</strong></span> <span class='ocrx_word' id='word_1_13' title='bbox 1120 598 1233 676; x_wconf 78' lang='lat' dir='ltr'>apposita</span> 
     </span>
     <span class='ocr_line' id='line_1_3' title="bbox 207 716 1233 797; baseline 0.004 -27"><span class='ocrx_word' id='word_1_14' title='bbox 207 731 353 773; x_wconf 87' lang='lat' dir='ltr'>cruorem</span> <span class='ocrx_word' id='word_1_15' title='bbox 369 716 489 797; x_wconf 86' lang='lat' dir='ltr'>eplaga</span> <span class='ocrx_word' id='word_1_16' title='bbox 503 739 573 777; x_wconf 89' lang='lat' dir='ltr'>cum</span> <span class='ocrx_word' id='word_1_17' title='bbox 590 737 709 778; x_wconf 83' lang='lat' dir='ltr'>veneno</span> <span class='ocrx_word' id='word_1_18' title='bbox 721 718 901 790; x_wconf 67' lang='lat' dir='ltr'>ornabere,</span> <span class='ocrx_word' id='word_1_19' title='bbox 923 724 1114 795; x_wconf 85' lang='lat' dir='ltr'>autsuccum</span> <span class='ocrx_word' id='word_1_20' title='bbox 1127 716 1233 774; x_wconf 89' lang='lat' dir='ltr'>lacteuu</span> 
     </span>
     <span class='ocr_line' id='line_1_4' title="bbox 206 804 1234 908; baseline 0 -19"><span class='ocrx_word' id='word_1_21' title='bbox 206 804 407 908; x_wconf 41' lang='lat' dir='ltr'>&#39;ficiinst&#39;illa3</span> <span class='ocrx_word' id='word_1_22' title='bbox 428 845 491 893; x_wconf 88' lang='lat' dir='ltr'>aut·</span> <span class='ocrx_word' id='word_1_23' title='bbox 507 837 593 895; x_wconf 84' lang='lat' dir='ltr'>ferro</span> <span class='ocrx_word' id='word_1_24' title='bbox 608 814 755 895; x_wconf 80' lang='lat' dir='ltr'>candente</span> <span class='ocrx_word' id='word_1_25' title='bbox 773 834 889 892; x_wconf 86' lang='lat' dir='ltr'>vulnus</span> <span class='ocrx_word' id='word_1_26' title='bbox 909 829 1016 890; x_wconf 89' lang='lat' dir='ltr'>adure.</span> <span class='ocrx_word' id='word_1_27' title='bbox 1087 830 1163 892; x_wconf 83' lang='lat' dir='ltr'>Vter</span> <span class='ocrx_word' id='word_1_28' title='bbox 1178 849 1234 908; x_wconf 88' lang='lat' dir='ltr'>quo-</span> 
     </span>
    </p>

    <p class='ocr_par' dir='ltr' id='par_1_3' title="bbox 122 949 1264 3358">
     <span class='ocr_line' id='line_1_5' title="bbox 122 949 1237 1030; baseline 0.003 -23"><span class='ocrx_word' id='word_1_29' title='bbox 122 1016 124 1024; x_wconf 33' lang='grc' dir='ltr'>Ι</span> <span class='ocrx_word' id='word_1_30' title='bbox 210 968 271 1028; x_wconf 88' lang='lat' dir='ltr'>que</span> <span class='ocrx_word' id='word_1_31' title='bbox 285 951 428 1029; x_wconf 87' lang='lat' dir='ltr'>caprinus</span> <span class='ocrx_word' id='word_1_32' title='bbox 441 952 509 1012; x_wconf 86' lang='lat' dir='ltr'>vini</span> <span class='ocrx_word' id='word_1_33' title='bbox 524 954 649 1030; x_wconf 88' lang='lat' dir='ltr'>plenus,</span> <span class='ocrx_word' id='word_1_34' title='bbox 664 953 848 1012; x_wconf 86' lang='lat' dir='ltr'>cuimanum</span> <span class='ocrx_word' id='word_1_35' title='bbox 861 957 916 1009; x_wconf 90' lang='lat' dir='ltr'>aut</span> <span class='ocrx_word' id='word_1_36' title='bbox 928 950 1046 1029; x_wconf 74' lang='lat' dir='ltr'>pedem</span> <span class='ocrx_word' id='word_1_37' title='bbox 1059 949 1237 1010; x_wconf 80' lang='lat' dir='ltr'>vulneratum</span> 
     </span>
     <span class='ocr_line' id='line_1_6' title="bbox 208 1065 1193 1151; baseline 0.001 -28"><span class='ocrx_word' id='word_1_38' title='bbox 208 1065 383 1144; x_wconf 76' lang='lat' dir='ltr'>inserueris,</span> <span class='ocrx_word' id='word_1_39' title='bbox 407 1079 489 1130; x_wconf 84' lang='lat' dir='ltr'>arcte</span> <span class='ocrx_word' id='word_1_40' title='bbox 504 1067 729 1151; x_wconf 85' lang='lat' dir='ltr'>circumligatus</span> <span class='ocrx_word' id='word_1_41' title='bbox 746 1087 859 1129; x_wconf 85' lang='lat' dir='ltr'>noxam</span> <span class='ocrx_word' id='word_1_42' title='bbox 877 1068 992 1128; x_wconf 85' lang='lat' dir='ltr'>veneni</span> <span class='ocrx_word' id='word_1_43' title='bbox 1012 1075 1193 1146; x_wconf 86' lang='lat' dir='ltr'>compescet</span> 
     </span>
     <span class='ocr_line' id='line_1_7' title="bbox 294 1176 1236 1266; baseline 0.001 -23"><span class='ocrx_word' id='word_1_44' title='bbox 294 1176 582 1266; x_wconf 65' lang='lat' dir='ltr'>Vero-pdo-pddss</span> <span class='ocrx_word' id='word_1_45' title='bbox 604 1187 753 1247; x_wconf 80' lang='lat' dir='ltr'>Admotus</span> <span class='ocrx_word' id='word_1_46' title='bbox 776 1187 866 1245; x_wconf 87' lang='lat' dir='ltr'>etiam</span> <span class='ocrx_word' id='word_1_47' title='bbox 886 1183 1012 1245; x_wconf 87' lang='lat' dir='ltr'>vulneri</span> <span class='ocrx_word' id='word_1_48' title='bbox 1028 1180 1194 1245; x_wconf 87' lang='lat' dir='ltr'>hirudines</span> <span class='ocrx_word' id='word_1_49' title='bbox 1204 1204 1236 1244; x_wconf 69' lang='lat' dir='ltr'>sa*</span> 
     </span>
     <span class='ocr_line' id='line_1_8' title="bbox 182 1276 1250 1387; baseline 0.003 -29"><span class='ocrx_word' id='word_1_50' title='bbox 182 1341 185 1352; x_wconf 82' lang='grc'><strong>.</strong></span> <span class='ocrx_word' id='word_1_51' title='bbox 211 1296 300 1361; x_wconf 88' lang='lat' dir='ltr'>tiabis</span> <span class='ocrx_word' id='word_1_52' title='bbox 319 1313 372 1361; x_wconf 87' lang='lat' dir='ltr'>aut</span> <span class='ocrx_word' id='word_1_53' title='bbox 383 1276 525 1382; x_wconf 86' lang='lat' dir='ltr'>ceparum</span> <span class='ocrx_word' id='word_1_54' title='bbox 541 1324 666 1364; x_wconf 86' lang='lat' dir='ltr'>succum</span> <span class='ocrx_word' id='word_1_55' title='bbox 682 1276 858 1376; x_wconf 74' lang='lat' dir='ltr'>instillabit,</span> <span class='ocrx_word' id='word_1_56' title='bbox 901 1312 954 1387; x_wconf 89' lang='lat' dir='ltr'>aut</span> <span class='ocrx_word' id='word_1_57' title='bbox 963 1321 1136 1380; x_wconf 84' lang='lat' dir='ltr'>caprarum</span> <span class='ocrx_word' id='word_1_58' title='bbox 1149 1302 1250 1361; x_wconf 76' lang='lat' dir='ltr'>fimum</span> 
     </span>
     <span class='ocr_line' id='line_1_9' title="bbox 207 1419 1236 1496; baseline 0.004 -17"><span class='ocrx_word' id='word_1_59' title='bbox 207 1428 361 1479; x_wconf 81' lang='lat' dir='ltr'>recentem</span> <span class='ocrx_word' id='word_1_60' title='bbox 377 1442 447 1479; x_wconf 88' lang='lat' dir='ltr'>cum</span> <span class='ocrx_word' id='word_1_61' title='bbox 462 1420 590 1480; x_wconf 87' lang='lat' dir='ltr'>viniaut</span> <span class='ocrx_word' id='word_1_62' title='bbox 603 1422 679 1480; x_wconf 87' lang='lat' dir='ltr'>aceti</span> <span class='ocrx_word' id='word_1_63' title='bbox 691 1423 774 1481; x_wconf 85' lang='lat' dir='ltr'>faece</span> <span class='ocrx_word' id='word_1_64' title='bbox 789 1422 948 1481; x_wconf 87' lang='lat' dir='ltr'>subactum</span> <span class='ocrx_word' id='word_1_65' title='bbox 962 1419 1095 1478; x_wconf 80' lang='lat' dir='ltr'>vulneri</span> <span class='ocrx_word' id='word_1_66' title='bbox 1108 1419 1236 1496; x_wconf 83' lang='lat' dir='ltr'>impono.</span> 
     </span>
     <span class='ocr_line' id='line_1_10' title="bbox 294 1516 1235 1619; baseline -0.003 -21"><span class='ocrx_word' id='word_1_67' title='bbox 294 1539 574 1619; x_wconf 81' lang='lat' dir='ltr'>Vers.934—958.</span> <span class='ocrx_word' id='word_1_68' title='bbox 594 1538 655 1596; x_wconf 83' lang='lat' dir='ltr'>Iam</span> <span class='ocrx_word' id='word_1_69' title='bbox 679 1516 743 1597; x_wconf 29' lang='lat' dir='ltr'>tibi*</span> <span class='ocrx_word' id='word_1_70' title='bbox 756 1538 872 1597; x_wconf 89' lang='lat' dir='ltr'>tradam</span> <span class='ocrx_word' id='word_1_71' title='bbox 894 1533 1052 1616; x_wconf 82' lang='lat' dir='ltr'>egregium</span> <span class='ocrx_word' id='word_1_72' title='bbox 1077 1539 1235 1608; x_wconf 85' lang='lat' dir='ltr'>remedium,</span> 
     </span>
     <span class='ocr_line' id='line_1_11' title="bbox 150 1654 1234 1734; baseline 0.004 -23"><span class='ocrx_word' id='word_1_73' title='bbox 150 1657 156 1666; x_wconf 92' lang='lat'><em>&#39;</em></span> <span class='ocrx_word' id='word_1_74' title='bbox 208 1656 373 1733; x_wconf 82' lang='lat' dir='ltr'>quosacile</span> <span class='ocrx_word' id='word_1_75' title='bbox 390 1675 496 1713; x_wconf 87' lang='lat' dir='ltr'>omnes</span> <span class='ocrx_word' id='word_1_76' title='bbox 509 1655 662 1713; x_wconf 86' lang='lat' dir='ltr'>malorum</span> <span class='ocrx_word' id='word_1_77' title='bbox 679 1665 778 1734; x_wconf 83' lang='lat' dir='ltr'>pestes</span> <span class='ocrx_word' id='word_1_78' title='bbox 798 1654 946 1734; x_wconf 79' lang='lat' dir='ltr'>depellas,</span> <span class='ocrx_word' id='word_1_79' title='bbox 987 1655 1016 1712; x_wconf 89' lang='lat' dir='ltr'>si</span> <span class='ocrx_word' id='word_1_80' title='bbox 1031 1655 1234 1733; x_wconf 82' lang='lat' dir='ltr'>siuguladeiu·</span> 
     </span>
     <span class='ocr_line' id='line_1_12' title="bbox 207 1740 1260 1853; baseline 0.002 -26"><span class='ocrx_word' id='word_1_81' title='bbox 207 1789 277 1847; x_wconf 86' lang='lat' dir='ltr'>ceps</span> <span class='ocrx_word' id='word_1_82' title='bbox 289 1771 476 1835; x_wconf 83' lang='lat' dir='ltr'>nominanda</span> <span class='ocrx_word' id='word_1_83' title='bbox 490 1771 693 1831; x_wconf 82' lang='lat' dir='ltr'>medicamina</span> <span class='ocrx_word' id='word_1_84' title='bbox 703 1758 835 1830; x_wconf 61' lang='lat' dir='ltr'>‘confusa</span> <span class='ocrx_word' id='word_1_85' title='bbox 851 1771 1022 1831; x_wconf 82' lang='lat' dir='ltr'>miscueris.</span> <span class='ocrx_word' id='word_1_86' title='bbox 1068 1771 1154 1851; x_wconf 87' lang='lat' dir='ltr'>Cape</span> <span class='ocrx_word' id='word_1_87' title='bbox 1166 1771 1233 1853; x_wconf 85' lang='lat' dir='ltr'>igitur</span> <span class='ocrx_word' id='word_1_88' title='bbox 1257 1740 1260 1747; x_wconf 29' lang='grc' dir='ltr'>Ι</span> 
     </span>
     <span class='ocr_line' id='line_1_13' title="bbox 139 1876 1227 1969; baseline 0 -22"><span class='ocrx_word' id='word_1_89' title='bbox 139 1893 142 1900; x_wconf 80' lang='grc'>’</span> <span class='ocrx_word' id='word_1_90' title='bbox 209 1889 342 1955; x_wconf 86' lang='lat' dir='ltr'>radicem</span> <span class='ocrx_word' id='word_1_91' title='bbox 358 1888 582 1966; x_wconf 82' lang='lat' dir='ltr'>aristolochiae,</span> <span class='ocrx_word' id='word_1_92' title='bbox 590 1889 689 1965; x_wconf 87' lang='lat' dir='ltr'>iridis,</span> <span class='ocrx_word' id='word_1_93' title='bbox 706 1890 802 1963; x_wconf 86' lang='lat' dir='ltr'>nardi,</span> <span class='ocrx_word' id='word_1_94' title='bbox 824 1891 955 1967; x_wconf 78' lang='lat' dir='ltr'>galbani,</span> <span class='ocrx_word' id='word_1_95' title='bbox 976 1876 1144 1969; x_wconf 77' lang='lat' dir='ltr'>pyrethri,</span> <span class='ocrx_word' id='word_1_96' title='bbox 1165 1890 1227 1968; x_wconf 77' lang='lat' dir='ltr'>poti</span> 
     </span>
     <span class='ocr_line' id='line_1_14' title="bbox 206 1976 1264 2086; baseline 0.002 -22"><span class='ocrx_word' id='word_1_97' title='bbox 206 2026 308 2081; x_wconf 83' lang='lat' dir='ltr'>nacae,</span> <span class='ocrx_word' id='word_1_98' title='bbox 331 2007 487 2086; x_wconf 86' lang='lat' dir='ltr'>bryoniac,</span> <span class='ocrx_word' id='word_1_99' title='bbox 512 1976 671 2084; x_wconf 81' lang='lat' dir='ltr'>paeoniae,</span> <span class='ocrx_word' id='word_1_100' title='bbox 693 2006 821 2067; x_wconf 87' lang='lat' dir='ltr'>ellebori</span> <span class='ocrx_word' id='word_1_101' title='bbox 835 2001 925 2086; x_wconf 73' lang='lat' dir='ltr'>nigri,</span> <span class='ocrx_word' id='word_1_102' title='bbox 946 2003 1097 2083; x_wconf 81' lang='lat' dir='ltr'>spumam</span> <span class='ocrx_word' id='word_1_103' title='bbox 1112 2011 1228 2078; x_wconf 73' lang='lat' dir='ltr'>nitriae</span> <span class='ocrx_word' id='word_1_104' title='bbox 1261 1986 1264 1993; x_wconf 30' lang='grc' dir='ltr'>Ι</span> 
     </span>
     <span class='ocr_line' id='line_1_15' title="bbox 208 2108 1232 2204; baseline 0.004 -22"><span class='ocrx_word' id='word_1_105' title='bbox 208 2108 338 2200; x_wconf 85' lang='lat' dir='ltr'>minum,</span> <span class='ocrx_word' id='word_1_106' title='bbox 361 2142 494 2204; x_wconf 78' lang='lat' dir='ltr'>conyzae</span> <span class='ocrx_word' id='word_1_107' title='bbox 510 2144 645 2201; x_wconf 81' lang='lat' dir='ltr'>germen,</span> <span class='ocrx_word' id='word_1_108' title='bbox 667 2124 852 2200; x_wconf 86' lang='lat' dir='ltr'>pedicularis</span> <span class='ocrx_word' id='word_1_109' title='bbox 867 2125 979 2183; x_wconf 86' lang='lat' dir='ltr'>herbae</span> <span class='ocrx_word' id='word_1_110' title='bbox 995 2124 1157 2204; x_wconf 85' lang='lat' dir='ltr'>siliquam,</span> <span class='ocrx_word' id='word_1_111' title='bbox 1172 2127 1232 2204; x_wconf 80' lang='lat' dir='ltr'>[cor-</span> 
     </span>
     <span class='ocr_line' id='line_1_16' title="bbox 209 2210 1230 2323; baseline 0.002 -25"><span class='ocrx_word' id='word_1_112' title='bbox 209 2243 310 2321; x_wconf 84' lang='lat' dir='ltr'>ticem]</span> <span class='ocrx_word' id='word_1_113' title='bbox 332 2261 420 2319; x_wconf 88' lang='lat' dir='ltr'>pares</span> <span class='ocrx_word' id='word_1_114' title='bbox 432 2210 643 2316; x_wconf 85' lang='lat' dir='ltr'>lauribaccas,</span> <span class='ocrx_word' id='word_1_115' title='bbox 674 2240 813 2321; x_wconf 85' lang='lat' dir='ltr'>cytisum,</span> <span class='ocrx_word' id='word_1_116' title='bbox 834 2242 985 2301; x_wconf 80' lang='lat' dir='ltr'>humilem</span> <span class='ocrx_word' id='word_1_117' title='bbox 1003 2241 1230 2323; x_wconf 85' lang='lat' dir='ltr'>hippolicheaeu</span> 
     </span>
     <span class='ocr_line' id='line_1_17' title="bbox 208 2353 1230 2447; baseline 0.003 -29"><span class='ocrx_word' id='word_1_118' title='bbox 208 2359 382 2427; x_wconf 82' lang='lat' dir='ltr'>contritam,</span> <span class='ocrx_word' id='word_1_119' title='bbox 406 2353 499 2447; x_wconf 78' lang='lat' dir='ltr'>[falsa</span> <span class='ocrx_word' id='word_1_120' title='bbox 513 2361 605 2418; x_wconf 85' lang='lat' dir='ltr'>lectio</span> <span class='ocrx_word' id='word_1_121' title='bbox 619 2360 762 2417; x_wconf 70' lang='lat' dir='ltr'>broni-ilem</span> <span class='ocrx_word' id='word_1_122' title='bbox 781 2364 919 2433; x_wconf 68' lang='lat' dir='ltr'>articam,</span> <span class='ocrx_word' id='word_1_123' title='bbox 938 2356 1092 2418; x_wconf 77' lang='lat' dir='ltr'>lichenem</span> <span class='ocrx_word' id='word_1_124' title='bbox 1118 2366 1230 2441; x_wconf 75' lang='lat' dir='ltr'>equum</span> 
     </span>
     <span class='ocr_line' id='line_1_18' title="bbox 208 2465 1229 2556; baseline 0.002 -20"><span class='ocrx_word' id='word_1_125' title='bbox 208 2476 312 2555; x_wconf 86' lang='lat' dir='ltr'>habet]</span> <span class='ocrx_word' id='word_1_126' title='bbox 336 2477 551 2556; x_wconf 85' lang='lat' dir='ltr'>cyclaminum,</span> <span class='ocrx_word' id='word_1_127' title='bbox 572 2465 691 2553; x_wconf 67' lang='lat' dir='ltr'>opiinus,</span> <span class='ocrx_word' id='word_1_128' title='bbox 713 2478 814 2536; x_wconf 88' lang='lat' dir='ltr'>viticis</span> <span class='ocrx_word' id='word_1_129' title='bbox 827 2495 940 2548; x_wconf 89' lang='lat' dir='ltr'>semen,</span> <span class='ocrx_word' id='word_1_130' title='bbox 962 2474 1153 2555; x_wconf 81' lang='lat' dir='ltr'>balsamum,</span> <span class='ocrx_word' id='word_1_131' title='bbox 1171 2476 1229 2537; x_wconf 76' lang='lat' dir='ltr'>cim·</span> 
     </span>
     <span class='ocr_line' id='line_1_19' title="bbox 207 2591 1227 2676; baseline 0.003 -24"><span class='ocrx_word' id='word_1_132' title='bbox 207 2614 302 2664; x_wconf 91' lang='lat' dir='ltr'>mum,</span> <span class='ocrx_word' id='word_1_133' title='bbox 324 2592 554 2672; x_wconf 88' lang='lat' dir='ltr'>sphondylium‚</span> <span class='ocrx_word' id='word_1_134' title='bbox 576 2593 768 2651; x_wconf 85' lang='lat' dir='ltr'>acetabulum</span> <span class='ocrx_word' id='word_1_135' title='bbox 784 2593 866 2668; x_wconf 81' lang='lat' dir='ltr'>salis,</span> <span class='ocrx_word' id='word_1_136' title='bbox 884 2591 1069 2670; x_wconf 86' lang='lat' dir='ltr'>leporinum</span> <span class='ocrx_word' id='word_1_137' title='bbox 1085 2593 1227 2676; x_wconf 72' lang='lat' dir='ltr'>coagulum,</span> 
     </span>
     <span class='ocr_line' id='line_1_20' title="bbox 206 2706 1222 2773; baseline 0 -3"><span class='ocrx_word' id='word_1_138' title='bbox 206 2730 354 2770; x_wconf 88' lang='lat' dir='ltr'>cancrum</span> <span class='ocrx_word' id='word_1_139' title='bbox 373 2706 568 2771; x_wconf 84' lang='lat' dir='ltr'>fluuiatilcm.</span> <span class='ocrx_word' id='word_1_140' title='bbox 611 2707 693 2767; x_wconf 87' lang='lat' dir='ltr'>Haec</span> <span class='ocrx_word' id='word_1_141' title='bbox 709 2712 814 2770; x_wconf 88' lang='lat' dir='ltr'>omnia</span> <span class='ocrx_word' id='word_1_142' title='bbox 833 2710 931 2769; x_wconf 85' lang='lat' dir='ltr'>indita</span> <span class='ocrx_word' id='word_1_143' title='bbox 951 2712 1113 2772; x_wconf 82' lang='lat' dir='ltr'>mortario</span> <span class='ocrx_word' id='word_1_144' title='bbox 1125 2720 1222 2773; x_wconf 75' lang='lat' dir='ltr'>contu</span> 
     </span>
     <span class='ocr_line' id='line_1_21' title="bbox 205 2826 1226 2908; baseline 0.001 -20"><span class='ocrx_word' id='word_1_145' title='bbox 205 2829 254 2904; x_wconf 88' lang='lat' dir='ltr'>de,</span> <span class='ocrx_word' id='word_1_146' title='bbox 276 2848 401 2893; x_wconf 82' lang='lat' dir='ltr'>succum</span> <span class='ocrx_word' id='word_1_147' title='bbox 415 2827 556 2908; x_wconf 86' lang='lat' dir='ltr'>aparinae</span> <span class='ocrx_word' id='word_1_148' title='bbox 571 2827 699 2887; x_wconf 89' lang='lat' dir='ltr'>subinde</span> <span class='ocrx_word' id='word_1_149' title='bbox 713 2828 834 2889; x_wconf 85' lang='lat' dir='ltr'>affunde</span> <span class='ocrx_word' id='word_1_150' title='bbox 855 2839 887 2888; x_wconf 86' lang='lat' dir='ltr'>et</span> <span class='ocrx_word' id='word_1_151' title='bbox 906 2826 1013 2887; x_wconf 84' lang='lat' dir='ltr'>omnia</span> <span class='ocrx_word' id='word_1_152' title='bbox 1031 2830 1120 2889; x_wconf 86' lang='lat' dir='ltr'>bene</span> <span class='ocrx_word' id='word_1_153' title='bbox 1139 2829 1226 2907; x_wconf 74' lang='lat' dir='ltr'>subige:</span> 
     </span>
     <span class='ocr_line' id='line_1_22' title="bbox 207 2943 1229 3026; baseline 0.006 -23"><span class='ocrx_word' id='word_1_154' title='bbox 207 2943 315 3004; x_wconf 86' lang='lat' dir='ltr'>deinde</span> <span class='ocrx_word' id='word_1_155' title='bbox 329 2945 418 3004; x_wconf 88' lang='lat' dir='ltr'>orbes</span> <span class='ocrx_word' id='word_1_156' title='bbox 445 2944 496 3002; x_wconf 85' lang='lat' dir='ltr'>vel</span> <span class='ocrx_word' id='word_1_157' title='bbox 523 2944 690 3004; x_wconf 83' lang='lat' dir='ltr'>trochiscos</span> <span class='ocrx_word' id='word_1_158' title='bbox 703 2945 776 3006; x_wconf 87' lang='lat' dir='ltr'>inde</span> <span class='ocrx_word' id='word_1_159' title='bbox 806 2946 887 3026; x_wconf 85' lang='lat' dir='ltr'>finge</span> <span class='ocrx_word' id='word_1_160' title='bbox 916 2944 1084 3005; x_wconf 83' lang='lat' dir='ltr'>drachmae</span> <span class='ocrx_word' id='word_1_161' title='bbox 1112 2946 1229 3026; x_wconf 75' lang='lat' dir='ltr'>pondero</span> 
     </span>
     <span class='ocr_line' id='line_1_23' title="bbox 123 3058 1231 3143; baseline 0.005 -23"><span class='ocrx_word' id='word_1_162' title='bbox 123 3128 126 3133; x_wconf 11' lang='grc' dir='ltr'><strong><em>Δ</em></strong></span> <span class='ocrx_word' id='word_1_163' title='bbox 205 3085 282 3142; x_wconf 82' lang='lat' dir='ltr'>quos</span> <span class='ocrx_word' id='word_1_164' title='bbox 300 3061 368 3122; x_wconf 82' lang='lat' dir='ltr'>vini</span> <span class='ocrx_word' id='word_1_165' title='bbox 386 3060 499 3142; x_wconf 87' lang='lat' dir='ltr'>cotylis</span> <span class='ocrx_word' id='word_1_166' title='bbox 521 3058 641 3120; x_wconf 86' lang='lat' dir='ltr'>duabus</span> <span class='ocrx_word' id='word_1_167' title='bbox 664 3063 778 3123; x_wconf 89' lang='lat' dir='ltr'>dilutos</span> <span class='ocrx_word' id='word_1_168' title='bbox 803 3063 991 3143; x_wconf 83' lang='lat' dir='ltr'>propinabis.</span> <span class='ocrx_word' id='word_1_169' title='bbox 1037 3062 1104 3123; x_wconf 87' lang='lat' dir='ltr'>lam</span> <span class='ocrx_word' id='word_1_170' title='bbox 1128 3067 1196 3131; x_wconf 77' lang='lat' dir='ltr'>vale,</span> <span class='ocrx_word' id='word_1_171' title='bbox 1213 3068 1231 3117; x_wconf 67' lang='lat' dir='ltr'>ei</span> 
     </span>
     <span class='ocr_line' id='line_1_24' title="bbox 204 3170 1231 3259; baseline -0.002 -22"><span class='ocrx_word' id='word_1_172' title='bbox 204 3180 278 3238; x_wconf 84' lang='lat' dir='ltr'>viue</span> <span class='ocrx_word' id='word_1_173' title='bbox 293 3170 410 3241; x_wconf 85' lang='lat' dir='ltr'>memor</span> <span class='ocrx_word' id='word_1_174' title='bbox 424 3178 573 3239; x_wconf 85' lang='lat' dir='ltr'>Nicandri</span> <span class='ocrx_word' id='word_1_175' title='bbox 585 3176 751 3256; x_wconf 84' lang='lat' dir='ltr'>Homerici,</span> <span class='ocrx_word' id='word_1_176' title='bbox 773 3198 863 3258; x_wconf 88' lang='lat' dir='ltr'>quem</span> <span class='ocrx_word' id='word_1_177' title='bbox 876 3178 959 3241; x_wconf 86' lang='lat' dir='ltr'>Clari</span> <span class='ocrx_word' id='word_1_178' title='bbox 976 3179 1150 3255; x_wconf 85' lang='lat' dir='ltr'>hibernum</span> <span class='ocrx_word' id='word_1_179' title='bbox 1164 3177 1231 3259; x_wconf 90' lang='lat' dir='ltr'>oppi-</span> 
     </span>
     <span class='ocr_line' id='line_1_25' title="bbox 206 3297 444 3358; baseline -0.013 -1"><span class='ocrx_word' id='word_1_180' title='bbox 206 3297 278 3357; x_wconf 87' lang='lat' dir='ltr'>dum</span> <span class='ocrx_word' id='word_1_181' title='bbox 293 3297 444 3358; x_wconf 84' lang='lat' dir='ltr'>educauit.</span> 
     </span>
    </p>
   </div>
   <div class='ocr_carea' id='block_1_3' title="bbox 1272 3344 1278 4220">
    <p class='ocr_par' dir='ltr' id='par_1_4' title="bbox 1272 3344 1278 4220">
     <span class='ocr_line' id='line_1_26' title="bbox 1272 3344 1278 4220; baseline 0 0"><span class='ocrx_word' id='word_1_182' title='bbox 1272 3344 1278 4220; x_wconf 95' lang='lat' dir='ltr'> </span> 
     </span>
    </p>
   </div>
   <div class='ocr_carea' id='block_1_4' title="bbox 0 0 1280 4726">
    <p class='ocr_par' dir='ltr' id='par_1_5' title="bbox 0 0 1280 4726">
     <span class='ocr_line' id='line_1_27' title="bbox 0 0 1280 4726; baseline 0 0"><span class='ocrx_word' id='word_1_183' title='bbox 0 0 1280 4726; x_wconf 95' lang='lat' dir='ltr'> </span> 
     </span>
    </p>
   </div>
  </div>
 </body>
</html>
