2550 4726
305 1247 885 1362 PRAEFATIO!

486 1525 695 1543 ...ιι-ια

54 1654 110 1780 Ρ
114 1750 205 1794 aura
221 1726 334 1793 babeo
354 1727 392 1792 in
411 1727 503 1794 aditu
523 1729 637 1819 operis
655 1730 818 1811 dicenda,
845 1749 929 1815 quae
951 1738 984 1791 et
1000 1727 1114 1793 consi-

57 1835 153 1897 lium
173 1829 339 1897 editionis
356 1840 389 1893 et
407 1830 612 1897 breuitatem
628 1829 854 1897 annotationis
876 1830 930 1896 vel
951 1838 1116 1895 excusent

61 1936 116 1999 rol
144 1926 433 2019 interpretnttur.
486 1933 575 1998 Cum
599 1934 691 1997 enim
719 1946 916 2019 temporum
939 1931 1117 2016 iniquitas,

64 2049 141 2102 orta
166 2034 233 2101 illa
258 2054 275 2096 e
295 2034 353 2097 lue
372 2032 520 2120 Gallica,
553 2058 620 2121 qua
637 2034 831 2117 Germania
847 2043 961 2096 nostra
982 2031 1118 2096 tamdiu

68 2134 271 2203 conflictata
294 2134 482 2219 laborauit,
525 2136 868 2216 commentariorum,
914 2130 1037 2218 quibus
1058 2130 1119 2195 hic

73 2248 167 2323 poeta
188 2235 355 2323 inprimis
373 2237 513 2323 indiget,
542 2249 574 2299 et
589 2260 673 2323 quos
690 2237 751 2301 diu
767 2237 836 2299 iam
856 2235 890 2298 in
910 2235 1047 2298 mundo
1057 2234 1119 2319 lta-

77 2341 159 2425 beo,
188 2337 465 2426 publicationem
488 2339 703 2421 excluderet,
739 2359 840 2402 omne
860 2334 1011 2399 studium
1030 2322 1122 2401 m'ihi

78 2439 144 2504 l'uit
160 2461 199 2504 eo
218 2436 476 2525 conferendum,
506 2453 540 2509 vt
555 2464 572 2504 a
589 2439 696 2528 spisso
711 2437 1036 2505 commentariorum
1055 2460 1122 2502 vo-

74 2541 212 2607 lumine
238 2562 277 2604 ea
294 2562 538 2629 excerperem,
565 2564 650 2631 quae
669 2542 931 2629 adscripturum
953 2562 971 2602 a
986 2560 1041 2602 me
1057 2561 1122 2625 po-

74 2644 179 2707 sitam
209 2642 264 2708 rel
283 2643 484 2707 auctoritato
505 2644 678 2709 librorum
704 2637 924 2731 scriptorum,
952 2640 1006 2706 vel
1028 2638 1128 2703 testi·'

73 2744 199 2811 monio
215 2743 424 2831 scriptorum
441 2756 473 2809 et
480 2741 798 2812 Grammaticorum
812 2755 979 2824 veterum,
995 2741 1049 2807 vel
1066 2741 1126 2805 de-

74 2847 187 2933 nique
210 2838 519 2935 iudiciovirorum
536 2847 717 2912 doctorum
733 2858 765 2911 et
783 2868 858 2911 meo
875 2832 1126 2928 stabiliendam,

75 2946 352 3014 confirmandam
378 2950 752 3035 commendandamquc
774 2946 944 3034 pertinere
966 2942 1126 3010 videren-
1195 2940 1198 2945 ’

76 3065 153 3117 tur.
202 3046 336 3113 Rerum
362 3049 455 3114 eninr
474 3050 629 3139 ipsarum
647 3072 665 3114 a
687 3059 786 3136 poeta
809 3047 1015 3113 traditarum
1032 3044 1127 3110 noti-

76 3153 170 3217 tiam
189 3161 222 3213 et
244 3149 437 3216 doctrinam
464 3151 662 3217 examinare
681 3160 780 3239 atque
795 3149 970 3215 illustrare
987 3145 1129 3212 maioris

76 3252 189 3339 longe
205 3272 331 3339 operae
347 3263 429 3336 erat,
455 3276 558 3340 quam
575 3250 633 3318 hie
649 3250 738 3316 liber
754 3262 907 3341 caperet:
934 3270 1131 3336 quanquam

79 3364 167 3421 sunt
189 3353 264 3418 loca
281 3376 350 3418 non
370 3376 480 3441 pauca
501 3354 602 3419 huius
619 3353 800 3438 carminis,
828 3374 913 3440 quac
938 3350 1132 3437 longiorem

80 3453 357 3543 disputationem
380 3450 574 3545 exigebant,
602 3481 667 3543 qua
694 3455 899 3542 scripturam
924 3478 941 3518 a
964 3474 1020 3519 mc
1038 3474 1131 3519 rece·

77 3570 185 3650 ptam
211 3567 329 3621 tuerer
352 3569 452 3644 atque
483 3558 704 3643 explicarem.
757 3558 885 3622 Eadem
907 3578 1005 3619 eausa
1028 3577 1137 3642 para-.

78 3657 246 3751 phrasin,
272 3659 406 3744 qualem
429 3658 735 3748 Alexiplrarmacis
757 3655 925 3722 Nicandri
953 3656 1131 3741 subiunxi,

80 3764 128 3829 ad
147 3760 385 3835 commodiora
401 3773 435 3826 et
450 3762 636 3826 salubriora
653 3761 707 3827 his
730 3759 852 3827 studiis
867 3770 1023 3847 tempora
1043 3760 1132 3829 reie-

83 3867 139 3947 ci,
166 3859 334 3948 quoniam
358 3860 441 3927 fides
459 3864 531 3928 eius
548 3873 580 3925 et
597 3865 779 3929 auctoritas
793 3861 904 3927 omnis
924 3883 1134 3933 crummen-

80 3966 186 4035 tariis
205 3976 286 4051 apta
302 3974 349 4028 est
364 3976 396 4029 et
415 3963 562 4032 iudicari
582 3964 690 4036 (lebet,
1126 3956 1134 3969 ’
