2550 4726
214 425 276 504 396
316 422 513 491 NICANDRI
540 428 833 492 THERIACORVM
856 427 1008 489 veneto
1030 428 1184 494 LATINA.

251 651 255 663 ,
296 593 383 656 Vens.
391 589 583 678 921-4929.
604 594 697 659 Potes
715 599 807 660 etiam
829 618 919 659 aerea
943 596 1105 656 cucurbita
1120 597 1233 676 apposita

210 729 353 772 cruorem
369 715 488 796 eplaga
503 738 572 776 cnm
590 736 708 777 veneno
720 717 900 790 extrahere,
922 723 976 772 aut
984 735 1114 795 succum
1127 716 1233 773 lacteam

210 827 263 887 fici
273 828 407 907 inst'itla3
428 844 490 893 aut
507 837 593 894 ferro
608 814 755 895 candente
773 833 888 891 vulnus
907 829 1016 890 adure.
1087 830 1163 892 Vter
1178 849 1234 908 quo-

122 1013 124 1023 ,
210 966 271 1026 que
285 949 428 1027 caprinus
441 951 509 1010 vini
523 953 648 1029 plenus,
664 953 713 1011 cui
722 969 847 1010 manum
861 956 915 1008 aut
928 950 1045 1029 pedem
1059 949 1236 1010 vulneratum

207 1063 383 1143 inserueris,
406 1078 490 1129 arcte
504 1067 729 1150 circumligatus
745 1087 859 1128 noxam
876 1068 992 1126 veneni
1012 1075 1193 1145 compescet

293 1176 582 1265 vespm-933.
603 1186 752 1246 Admotae
776 1187 866 1245 etiam
886 1183 1011 1244 vulneri
1028 1180 1194 1245 hirudines
1204 1204 1236 1243 na*

182 1339 185 1351 .
210 1294 300 1359 tiabis
318 1312 372 1359 aut
383 1274 524 1381 ceparum
540 1323 665 1363 succum
681 1275 858 1376 instillabis,
900 1312 953 1387 aut
963 1321 1136 1380 caprarum
1150 1302 1250 1360 finan

207 1427 361 1477 recentem
376 1441 446 1500 cum
461 1419 529 1479 vini
537 1429 590 1479 aut
603 1422 678 1479 aceti
690 1422 774 1480 l'aeoe
788 1421 948 1480 subactum
961 1419 1095 1478 vulneri
1108 1419 1236 1496 impones.

293 1538 573 1618 Vers.934-958.
594 1537 655 1595 lam
679 1536 737 1597 tibi
755 1537 872 1596 tradam
893 1533 1052 1615 egregium
1077 1538 1235 1608 remedim,

149 1655 155 1665 ‘
207 1672 272 1731 quo¹
283 1655 373 1713 facile
390 1674 495 1712 omnes
509 1654 662 1712 malorum
679 1664 777 1734 pestes
797 1653 945 1734 depelles,
987 1655 1015 1712 si
1031 1655 1160 1733 singula
1172 1655 1235 1715 dein·

206 1787 276 1845 caps
289 1770 476 1833 nominanda
489 1769 693 1830 medicamina
703 1758 834 1829 'contusa
850 1770 1022 1831 miscueris.
1068 1771 1154 1851 Cape
1167 1770 1233 1853 igitur

139 1892 141 1898 ’
208 1887 341 1953 radicem
357 1887 581 1965 aristolochiae,
590 1889 689 1964 una,
705 1889 802 1962 narn,
824 1890 955 1966 ganan,
976 1874 1144 1969 pyrethri,
1165 1890 1227 1968 pne

205 2024 307 2079 nacae,
330 2006 487 2085 bryoniac,
512 2007 671 2083 paeoniae,
692 2005 820 2066 ellebori
835 2000 924 2085 nigri,
945 2023 1097 2082 spumam
1112 2010 1228 2078 nitria-

207 2108 337 2198 minum,
360 2141 493 2202 conyzae
509 2143 644 2200 germen,
666 2123 851 2199 pedicularis
867 2124 979 2182 herbae
995 2125 1157 2204 siliquam,
1172 2127 1232 2204 [cor

208 2242 309 2320 tic-em]
331 2260 419 2318 pares
431 2210 642 2315 lauribaccas,
673 2239 813 2320 cytisum,
833 2241 984 2300 humilem
1003 2240 1230 2322 hippolicheaem

207 2358 381 2426 contritam,
405 2352 499 2446 [falsa
512 2359 604 2417 lectio
618 2359 761 2416 tizam-ilem
780 2363 919 2433 articam,
937 2356 1091 2416 lichenem
1117 2365 1230 2441 equina

207 2475 311 2554 habet]
335 2476 550 2555 cyclaminum,
571 2464 690 2552 ollium,
712 2477 813 2535 viticis
826 2494 939 2547 semen,
961 2473 1152 2554 balsamum,
1171 2475 1229 2537 cina·

206 2612 301 2662 mum,
323 2591 554 2671 sphondylinm,
575 2591 767 2650 acetabulum
783 2592 865 2667 salis,
883 2590 1068 2669 leporinum
1084 2592 1227 2676 coagulum,

205 2729 352 2768 cancrum
372 2705 567 2770 fluuiatilem.
610 2706 691 2766 Haec
708 2711 813 2769 omnia
832 2709 930 2768 indita
950 2711 1112 2770 mortario
1125 2719 1222 2772 coum

204 2828 253 2902 de,
275 2847 400 2891 succum
414 2825 555 2907 aparinae
570 2825 698 2886 subinde
712 2827 833 2887 affunde
854 2837 886 2887 et
905 2825 1012 2886 omnia
1033 2829 1119 2888 bene
1139 2828 1227 2907 subige:

205 2942 314 3002 deindo
328 2943 417 3002 orbes
444 2943 495 3001 vel
522 2943 689 3003 trochiscos
702 2944 775 3004 inde
805 2945 886 3025 finge
915 2943 1083 3004 drachmae
1111 2946 1230 3025 pondere,

122 3128 125 3133 ¹
204 3082 281 3140 quos
299 3060 367 3120 vini
386 3059 498 3140 cotylis
520 3057 639 3119 duabus
663 3061 777 3122 dilutos
802 3062 990 3142 propinabis.
1035 3061 1103 3123 Iam
1127 3067 1231 3131 valed

203 3178 277 3236 viue
292 3163 409 3239 memor
423 3176 572 3237 Nicandri
584 3175 750 3255 Homerici,
772 3197 862 3258 quem
875 3177 958 3240 Clari
975 3178 1149 3254 hibernum
1164 3177 1232 3259 oppi-

205 3295 277 3355 dum
292 3295 442 3356 educauit.
