2550 4726
39 380 107 457 ἰιι
140 404 159 469 η
241 430 268 499 3
421 322 711 464 intersero:

47 560 185 636 mutere
205 560 316 657 coegit
336 570 435 655 copia
450 571 728 640 emendationum
746 571 892 641 Bentleii
914 574 1002 645 fucta
1018 580 1088 645 mi-

47 671 88 736 hi
104 662 311 759 nuperrime,
329 672 495 740 submisso
524 673 647 763 Museo
674 675 984 764 Cantabrigicnsio
1011 681 1088 747 viro

47 773 292 860 eruditissimo,
302 773 535 841 Bibliothecae
552 774 666 869 regiae
682 801 774 843 nunc
791 778 979 865 Praefecto,
990 779 1019 844 B
1030 784 1089 846 ei-

45 876 172 962 gello
185 876 382 940 Dresdensi.
429 876 575 949 Interim
600 877 731 966 aliquid
748 879 811 944 otii
826 885 943 945 nactus
973 882 1087 948 animo

42 977 160 1059 etiam,
188 976 291 1042 variis
306 977 485 1065 hucusque
500 978 591 1043 curis
602 980 748 1064 turbato,
775 982 957 1046 consistere
975 984 1089 1072 coepi:

42 1081 157 1163 itaque
172 1078 329 1143 lubenter
340 1082 383 1145 ad
399 1104 517 1149 curam
528 1081 687 1146 editionis
698 1070 1087 1150 Nicandrcaerencuan·

43 1185 122 1248 dem
141 1179 240 1263 redii,
266 1192 309 1264 et,
335 1195 510 1268 quantum
526 1184 637 1268 potui,
666 1184 804 1249 annisus
823 1208 910 1270 sum,
938 1198 973 1252 vt
995 1187 1084 1251 hanc-

40 1294 239 1373 poematum
268 1229 438 1356 Nicandri
460 1284 673 1373 reliquorum
686 1298 834 1375 partem
854 1287 1081 1373 posteriorem

39 1384 169 1476 priore,
197 1395 273 1447 ente
288 1408 393 1449 annos
410 1387 490 1472 plus
503 1385 628 1469 viginti
644 1380 827 1472 publicata,
853 1410 923 1452 non
938 1384 1082 1454 iuferio-

37 1510 115 1551 rem
128 1486 318 1553 redderem
344 1481 638 1551 Annotationcnr
627 1488 735 1574 igitur
755 1487 992 1576 copiosiorem,
1010 1512 1082 1553 me-

26 1580 214 1676 'taphrasin
227 1587 417 1652 Eutccnii
407 1600 587 1673 mtegram,
615 1587 896 1677 Fragmentorum
907 1588 1079 1655 Nicandri

35 1684 232 1778 poematum
245 1684 511 1778 praecipuorum
526 1686 761 1756 collectionem
781 1702 816 1756 et
833 1689 985 1755 Indicem
1000 1712 1079 1758 ver·

33 1792 169 1858 boru'rn
177 1813 381 1877 graecorum
392 1792 565 1878 utriusque
577 1792 738 1855 carminis
751 1803 784 1856 et
794 1790 1078 1878 Fragmentorum

36 1891 161 1958 addidi.
212 1894 253 1958 In
272 1893 338 1958 hoc
354 1893 461 1957 multa
475 1893 630 1957 editionis
647 1893 775 1979 prioris
790 1893 852 1957 ie.
865 1892 1079 1980 Alexiphar-

32 2017 212 2062 macorum
236 2005 269 2059 et
293 1995 396 2062 huius
418 1994 667 2060 'sheriacornm
700 1993 784 2060 vitia
806 1994 994 2081 scripturae
1019 1999 1076 2061 vel

31 2120 125 2164 meae
144 2096 200 2164 vel
216 2120 400 2184 operarum
421 2109 573 2162 correcta
588 2094 699 2160 obiter
717 2098 823 2174 lector
843 2097 1002 2185 reperiet.

133 2198 172 2263 ln
193 2199 315 2263 notitia
333 2197 514 2286 Anonymi
543 2200 584 2262 de
607 2198 676 2267 vila
700 2209 733 2262 et
748 2219 877 2287 genere¹
890 2211 1076 2284 supersunt

30 2317 166 2365 errores
184 2301 294 2387 aliqui
315 2301 370 2365 vel
389 2301 567 2386 scriptoris
586 2301 640 2365 vel
658 2300 806 2365 auctoris
835 2294 963 2386 ipsius,
990 2322 1075 2385 quos

27 2400 86 2466 hic
105 2402 214 2467 obiter
233 2403 437 2468 conuincam
453 2411 511 2463 aut
528 2401 722 2465 emendabo.
775 2399 913 2464 Vitium
929 2400 1077 2487 scriptu-

28 2525 85 2568 rae
100 2501 320 2569 manifcstum
347 2504 386 2568 in
404 2500 546 2566 nomine
561 2509 749 2587 Λυσιακῆς,
780 2500 872 2563 filiae
892 2500 1073 2588 Hippoda-

1 2645 3 2650 ,
27 2606 128 2678 inice,
150 2608 356 2671 demonstrat
371 2605 465 2669 lorus
479 2601 684 2666 Plutarchi
673 2624 712 2664 ιιι
728 2600 907 2668 ⁷¹·lhesroc.
919 2623 952 2688 7,
973 2622 1001 2670 1
1012 2602 1072 2667 vbi

27 2704 151 2770 Thesei
178 2708 341 2820 cognatio
373 2717 406 2771 et
429 2703 592 2770 Herculis
625 2679 820 2788 explicatur
853 2697 909 2768 his
938 2701 1070 2769 verbis:

25 2790 193 2895 Ai'dp‘nl
169 2825 213 2866 tr
231 2801 396 2874 Πιτθέως
419 2792 598 2881 θυγάτηρ,
627 2792 758 2859 ’Alu'
711 2819 801 2879 μηνη
821 2798 857 2861 δὲ
875 2793 1073 2875 Λυσιδίκης,

21 2901 192 2982 Λυσιδίκη
213 2906 249 2971 δὲ
235 2898 483 2973 ὲκαιΠιτθεύς
499 2895 656 2986 α’ὃελφοι,
672 2895 894 2980 γεγονότεςέξ
905 2897 1073 2962 &innodes

24 3002 121 3088 μείας
142 3007 198 3068 καὶ
214 3005 382 3078 Πέλοπος.
408 3009 448 3072 In
466 3005 615 3070 Scholiis
634 3007 876 3071 vetustioribus
892 3005 1071 3071 adPindu-

25 3115 55 3178 ri
76 3113 220 3203 Olyrnp.
243 3135 276 3198 7,
294 3112 352 3199 49.
365 3094 552 3198 ¹Lysidice‚
579 3101 718 3194 Pelopis
740 3107 837 3223 filias
858 3119 965 3194 nupta
989 3106 1071 3171 Ele·

26 3216 163 3304 ctryoni
194 3215 392 3282 Alcmenen
424 3209 594 3297 peperisse
628 3209 773 3274 dicitur.
807 3209 846 3272 iu
876 3207 1070 3274 recentiore

24 3318 161 3384 Sclrolio
179 3320 372 3382 adversum
391 3312 449 3393 46.
459 3311 548 3376 male
559 3310 695 3400 Pelopis
714 3333 810 3374 soror
817 3309 981 3397 Lysidicc
1000 3333 1068 3375 vo·-

12 3428 131 3485 'catur
183 3418 306 3483 Filiam
331 3414 415 3479 dicit
436 3413 539 3480 etiam
565 3395 748 3476 Pausanias
770 3421 806 3494 8,
834 3409 891 3493 14,
920 3430 951 3476 2
980 3410 1067 3476 item

25 3523 260 3608 Apollodorus
278 3516 369 3603 2‚4
387 3515 421 3580 4.
442 3512 572 3581 sedhic
597 3512 742 3579 Mestori
759 3524 904 3601 nuptam
918 3511 1066 3600 Hippo-

21 3622 127 3690 thocn
144 3620 318 3709 peperisse
332 3622 457 3682 herrat.

124 3725 235 3790 Error
250 3719 426 3808 scriptoris
440 3717 548 3807 ipsius
567 3729 625 3784 aut
642 3715 901 3833 interpolatoris
918 3735 986 3779 esse
1002 3712 1064 3780 vi-

1 3825 149 3900 ¹detur'
139 3849 176 3887 in
196 3835 307 3887 notat
311 3821 471 3909 emporis,
498 3844 566 3906 quo
585 3817 761 3883 Nicander
781 3818 910 3885 vixisse
935 3813 1064 3880 dicitur
1085 3827 1088 3833 '

20 3937 111 4004 nard
120 3932 253 4002 ‘'tAua
250 3957 298 4001 or
314 3931 575 4000 τὸντελευταῖον
587 3925 739 4016 ἄρξαντα
749 3923 990 4015 Hrpycipomiic
1002 3949 1063 3990 κα-

20 4035 233 4123 τελύθηὺπὸ
252 4031 434 4123 Ρωμαίων.
486 4038 581 4105 Huic
596 4059 733 4105 carmen
748 4035 959 4126 inscripsisse
977 4033 1062 4103 dici·
1129 4020 1136 4029 ’
