2550 4726
197 421 264 483 ose
469 408 668 476 monton
688 407 984 474 rnrursconvn
1054 366 1058 374 ¹

206 608 279 647 nam
294 594 377 645 recto
390 584 443 643 ille
456 582 567 641 itinere
584 580 742 639 celerrime
756 581 866 639 currit:
881 589 1004 639 motum
1018 581 1178 661 obliquum
1190 578 1232 638 iu·

210 704 338 784 pediunt
355 703 459 781 spinae
472 697 601 758 dorsalis
621 698 736 776 rigidae
754 701 920 757 vertebrae.
1021 694 1024 699 ’
1234 779 1238 786 Ι

293 820 379 881 Vere.
389 816 577 894 483-492.
599 814 923 874 Paruusetiams'ellio
934 838 1041 875 morsu
1057 825 1233 893 nocetquen

206 944 288 1003 fama
301 940 345 998 ait
357 959 374 995 a
392 935 500 994 Cerere
514 933 669 1012 punitum,
692 934 836 1010 quoniam
851 933 952 991 filium
966 933 1140 992 Metanirae
1153 943 1183 991 et
1195 932 1234 990 Ce—

206 1060 249 1120 lei
265 1058 345 1116 circa
367 1056 483 1114 sontem
507 1024 718 1109 Callicborum
738 1052 878 1126 laeserat,
920 1070 992 1108 cum
1008 1053 1048 1110 ab
1065 1053 1111 1110 eis
1125 1050 1235 1130 hospitio

206 1175 315 1236 suisset
330 1178 464 1250 excepta
509 1167 576 1226 Atia
598 1177 769 1249 praeterea,
785 1168 836 1226 sed
849 1169 978 1226 innoxia
1000 1169 1130 1249 reptilia
1148 1170 1235 1249 pauiu

206 1314 261 1373 per
273 1292 376 1362 siluas,
390 1293 508 1348 montes
517 1293 548 1343 et
562 1286 718 1344 conualles
727 1296 903 1364 pascuntur,
925 1306 1005 1364 quae
1018 1285 1136 1369 elopes,
1153 1289 1234 1364 hbyet

204 1410 333 1490 myagri,
355 1409 502 1486 (mnrium
523 1404 696 1480 venatores)
717 1403 824 1462 multis
846 1403 932 1461 vittis
957 1405 1067 1480 cincti,
1111 1406 1233 1478 acontiae,

203 1524 326 1613 (iaculi)
348 1524 463 1583 mcluri
486 1532 516 1580 et
533 1520 698 1599 typhlopes
714 1517 891 1600 (coeciliae)
914 1522 1131 1600 appellantur.

285 1641 498 1718 Vers.493-
515 1640 586 1699 508.
609 1637 727 1696 Horum
754 1657 808 1717 ego
836 1637 894 1696 tibi
925 1639 1087 1700 malorum
1121 1639 1231 1701 remed'u

202 1759 351 1832 omnium,
389 1754 499 1816 herbas
518 1767 549 1814 et
568 1757 684 1815 radices
704 1776 775 1814 cum
799 1765 935 1832 tempore
948 1755 1137 1834 colligendis
1148 1760 1231 1819 idoneo

200 1897 275 1938 vere
294 1885 325 1934 et
348 1883 488 1935 accurate
506 1874 663 1932 enarrabo.
728 1868 843 1931 llerbas
863 1871 958 1951 igitur
981 1886 1128 1937 recentes
1148 1876 1226 1937 eloti

199 1993 392 2057 siluestribus
405 1991 569 2071 pinguibus
584 1992 724 2049 collectas
739 1990 856 2049 recenti
871 1991 995 2051 vulneri
1008 1991 1226 2073 imponerent

198 2111 320 2171 liusest
335 2130 428 2188 quam
447 2117 599 2168 vetustas:
643 2108 775 2188 primam
796 2105 919 2185 quidem
941 2109 1081 2168 radicem
1104 2108 1230 2183 centauri}

199 2228 351 2303 Chironii,
372 2249 390 2284 a
405 2225 538 2285 Chirone
551 2223 705 2284 Centauro
714 2223 748 2282 iu
762 2233 866 2282 monte
881 2223 967 2283 Pelio
980 2239 1153 2305 repertam·
1171 2228 1230 2287 Cn-

196 2346 259 2406 lem
274 2341 466 2404 circumdant
479 2340 555 2400 solia
580 2342 860 2417 amaracoaimilia,
882 2339 939 2400 flos
955 2354 999 2401 est
1010 2366 1142 2422 aureus,
1160 2343 1228 2406 radi¹
1267 2390 1269 2395 -

121 2420 147 2551 T
199 2482 264 2521 non
279 2461 443 2540 profunda,
451 2461 502 2519 sed
515 2480 607 2539 super
619 2471 733 2519 terram
747 2467 848 2518 extet:
869 2479 961 2538 quam
976 2471 1007 2518 et
1020 2463 1140 2524 siccam
1156 2472 1226 2522 etre-
1266 2420 1269 2487 i

197 2589 317 2637 centem
331 2579 365 2636 in
380 2578 444 2656 pila
459 2587 558 2634 tusam
580 2577 672 2634 misce
691 2596 761 2634 cum
776 2578 878 2657 cotyla
892 2578 959 2636 vini
973 2582 1065 2640 meri.
1110 2554 1226 2643 Medeu

195 2695 271 2754 haec
284 2693 425 2754 omnibus
438 2694 617 2754 morborum
634 2693 740 2751 malis:
760 2694 828 2753 ideo
844 2664 976 2772 panacea
989 2709 1106 2758 vocata
1121 2711 1174 2759 est.

278 2810 364 2872 Vera.
376 2810 567 2891 509-519.
588 2810 674 2870 Adde
693 2810 921 2870 aristolochiam
942 2813 978 2870 in
1000 2814 1081 2874 locis
1096 2811 1220 2875 vmtnd

192 2941 374 3005 nascentem,
398 2905 670 3004 soliishederaceis}
691 2927 767 2988 flore
776 2928 916 3008 hysgino,
936 2931 1044 2992 odoris
1052 2934 1168 3014 grauis,
1184 2926 1226 3010 qul

192 3048 301 3106 transit
315 3047 349 3106 in
364 3047 501 3107 fructum
515 3045 726 3125 pyrisormern.
750 3044 851 3104 Radix
863 3047 997 3107 feminae
1009 3051 1159 3125 rotunda,
1172 3064 1221 3105 ut·

190 3163 234 3224 ris
246 3164 338 3244 longa
352 3164 415 3224 sere
433 3163 581 3237 cubitum,
603 3161 708 3222 colore
721 3162 831 3222 buxeo.
872 3163 954 3223 Haec
967 3165 1112 3246 pondere
1132 3152 1222 3228 drach·

191 3301 259 3339 mae
275 3280 365 3340 mista
374 3280 448 3339 vino
461 3278 545 3340 flauo
560 3286 667 3340 contra
682 3298 821 3340 morsum
842 3281 947 3341 echios
968 3292 1001 3342 et
1016 3285 1165 3346 echidnae
1174 3283 1219 3343 vti

189 3384 305 3456 lissinrc
315 3398 444 3456 bibitur.

272 3498 555 3589 Vera.520-5n7.
577 3510 717 3574 hledetnr
735 3516 829 3577 etiam
850 3515 1004 3578 trilolium
1020 3519 1057 3583 iu
1081 3522 1221 3582 montibus

94 3664 98 3671 ›
187 3631 302 3711 asperis
318 3630 549 3692 etconuallibus
564 3641 681 3708 natum,
693 3633 775 3711 quod
785 3623 838 3691 ulii
851 3634 1049 3715 minyanthes
1056 3636 1222 3714 ¹totatutio-

184 3747 236 3806 liis
253 3748 320 3824 loti,
341 3748 531 3808 rutaeodore
543 3749 665 3828 plantae
678 3751 820 3825 recentis,
842 3753 964 3829 adultae
979 3775 1058 3817 vero
1071 3767 1104 3819 et
1116 3758 1220 3817 floreu-

181 3862 220 3924 tis
236 3865 373 3928 bitumen
386 3865 562 3927 redolente:
583 3866 678 3927 huius
698 3870 813 3928 semina
832 3871 984 3931 acetabuli
1000 3895 1148 3937 mensura
1170 3873 1218 3935 tri·

180 3990 209 4039 tu
227 3981 305 4045 bibe.
