2550 4726
161 398 222 460 3⁸8
430 398 625 460 NlCANDIll
646 394 941 481 'sllERlACOIthl

162 567 244 628 lauri
265 565 455 642 tenuisoliae,
484 589 623 627 amaraco
641 563 850 650 (sampsucho)
861 567 1013 638 hortensi,
1039 580 1071 630 et
1086 574 1193 651 coagulo

95 717 97 721 ·
161 685 276 766 leporis
288 704 396 744 recens
409 685 483 757 nati,
504 687 555 744 vol
570 683 696 743 hinnuli
709 683 761 741 vel
781 683 875 758 cerui,
894 685 1019 744 reiectis
1033 697 1137 748 tamen
1150 711 1193 747 aa·

154 814 212 889 ,tea
219 803 425 876 faecibus,aut
431 823 500 860 cum
509 803 594 861 cerui
602 800 776 860 ventriculo
790 819 829 859 eo
832 821 940 878 ,quem
950 803 1103 873 echinum
1111 807 1192 887 (uma

163 922 263 1001 sum),
284 920 338 978 alii
351 939 426 978 vero
451 919 616 978 reticulum
636 929 765 992 vocant,
787 926 840 975 aut
863 935 934 975 cum
951 912 1191 983 testibus'cerui:

160 1039 272 1098 barum
299 1057 406 1099 rerum
434 1057 507 1116 cape
534 1039 607 1096 duas
633 1037 848 1096 drachmarum
876 1039 1039 1116 portiones
1062 1051 1094 1100 et
1115 1044 1190 1101 misce

159 1176 231 1214 cum
252 1153 319 1212 vini
339 1155 451 1213 veteris
475 1164 608 1231 quatuor
628 1153 759 1232 cyathis.

229 1282 523 1382 ‘Vera584-587.
544 1288 667 1363 luuabit
686 1306 777 1363 etiam
793 1308 923 1399 polium,
944 1309 1030 1368 cedri
1045 1303 1188 1392 (iuniperi)

156 1427 284 1500 fructus,
303 1425 418 1504 pilulae
445 1422 563 1502 platani
588 1425 748 1482 vmbrosae
775 1445 845 1482 cum
867 1425 983 1484 semine
1003 1427 1151 1507 bupleuri
1166 1437 1188 1485 et

154 1545 260 1605 Idaeae
286 1542 429 1622 cupressi.

238 1691 322 1752 Vers.
337 1691 526 1770 588-593.
548 1692 643 1751 aliud
657 1695 824 1753 remedium
839 1696 1005 1774 praestabit
1023 1696 1086 1756 tibi
1104 1697 1184 1778 colly-

152 1811 233 1872 batia
251 1778 398 1891 (sideritis
406 1811 433 1886 P)
454 1807 488 1867 in
499 1810 647 1870 mortario
663 1811 755 1886 trita,
777 1833 848 1870 cnm
861 1814 963 1888 cotyla
974 1815 1120 1893 ptisanae
1132 1837 1183 1874 suc·

54 1924 58 1937 ’
151 1931 189 2006 ci,
210 1928 321 1988 veteris
336 1928 403 1987 vini
417 1927 533 1988 duobus
546 1927 664 2011 cyathis
686 1938 718 1987 ct
731 1928 799 2009 pari
820 1951 963 1991 mensura
978 1931 1043 1991 olei
1061 1935 1177 1994 albiani

150 2057 204 2106 sta.

231 2165 316 2225 Vers.
334 2165 521 2244 594-598.
541 2161 726 2224 adiumento
751 2185 872 2246 quoque
889 2167 949 2228 erit
963 2168 1048 2248 picis
1064 2171 1178 2250 liquidae

147 2291 234 2341 sexta
246 2283 365 2362 cotylae
377 2304 447 2362 pars
462 2302 533 2340 cum
545 2279 654 2340 viridis
667 2282 786 2342 ferulam
797 2286 941 2362 medulla,
961 2296 1018 2345 aut
1033 2286 1176 2367 hippoma-

147 2395 245 2460 rathri
268 2400 359 2461 radix
382 2419 454 2458 cum
483 2398 597 2456 semine
624 2399 686 2476 apii
706 2400 852 2478 palustris
877 2410 908 2458 et
930 2403 1019 2461 cedri
1038 2402 1175 2486 (incipere)

146 2515 244 2577 baccis
258 2513 496 2576 tritaacetabuli
512 2534 665 2572 mensura.

232 2632 319 2696 Vers.
331 2632 517 2711 599-603.
539 2631 635 2689 Porro
649 2633 764 2690 semina
782 2633 969 2715 hipposelini
986 2609 1062 2700 cum
1076 2642 1168 2703 duabu

141 2749 296 2808 drachmis
322 2749 466 2828 myrrhae
489 2757 519 2816 et
542 2740 658 2806 semiue
671 2752 787 2809 cumini
808 2754 861 2810 vel
879 2773 1016 2832 appenso
1037 2758 1163 2819 velnulo
1207 2716 1215 2779 l

138 2868 273 2947 pondere
288 2887 359 2925 cum
371 2865 437 2923 vini
450 2864 561 2924 veteris
575 2865 694 2943 cyathis
715 2866 814 2927 tribus
828 2870 918 2928 mista
933 2871 1018 2931 bibe.

221 3005 500 3095 veriam-609.
522 3014 618 3074 Nardi
640 3004 771 3096 spicatae
787 3019 962 3109 drachmam
979 3044 1056 3084 curn
1078 3045 1166 3085 cancro

133 3133 281 3196 fluuiatili
292 3137 326 3195 in
339 3137 419 3194 lacte
431 3143 552 3194 recente
566 3143 699 3208 contere,
717 3152 813 3211 eoque
833 3135 909 3194 adde
931 3138 999 3197 irin
1014 3140 1166 3220 Illyricam,

101 3328 108 3333 ⁸
130 3262 234 3312 natam
251 3255 288 3314 ad
300 3254 383 3332 ripas
390 3251 526 3312 Drilonis
540 3259 573 3308 et
584 3250 727 3324 Naroma,
749 3251 802 3310 vbi
810 3252 943 3313 Cadmus
959 3275 1033 3318 cum
1048 3260 1166 3320 Harmo-

80 3342 85 3373 Ι
128 3368 182 3428 nia
196 3391 295 3432 vxore
310 3373 345 3429 iu
359 3371 503 3431 dracones
516 3367 627 3427 mutati
649 3367 753 3447 vagari
769 3369 922 3430 dicuntur.

209 3519 490 3600 versam-619.
511 3520 606 3580 Sume
626 3520 718 3598 etiam
737 3517 899 3581 florentem
920 3522 1048 3597 ericam,
1069 3530 1164 3610 apibus

123 3649 248 3716 gratam,
271 3650 303 3698 ct
322 3639 456 3719 myricae
477 3633 589 3696 sterilis
604 3637 755 3716 virgulta,
769 3637 932 3699 vaticiniis·
943 3643 1032 3705 inter
1053 3657 1161 3706 morta-

37 3750 43 3761 ’
120 3754 166 3816 les
186 3757 343 3833 celebrata,
362 3757 472 3836 quibus
494 3774 530 3812 ea
551 3751 662 3832 Apollo
684 3754 857 3834 Coropaeus
872 3759 1081 3842 (Gonapaem
1094 3767 1161 3823 Lu.

120 3869 185 3960 hm)
207 3876 345 3950 donauit;
369 3874 448 3932 adde
472 3890 619 3949 conyzam
640 3869 789 3947 viridem,
812 3873 954 3934 sambuci
978 3881 1082 3940 caules
1101 3883 1160 3940 ina·

115 4009 179 4066 nes,
199 3993 371 4074 sampsuclii
388 3968 481 4050 ssores
504 3999 535 4048 et
555 3988 648 4064 solia,
681 3989 816 4068 cytisum
838 4000 869 4049 et
891 3991 1042 4056 lactentes
1062 3998 1158 4081 tithy-
