2550 4726
196 436 260 531 sse
455 420 665 511 ιιιιιιιιιιι
678 394 974 499 ιιιιιιιιιοιιιιι

196 611 252 662 aut
276 615 336 659 oue
356 591 574 655 incubantibus
595 593 701 662 infert.
744 594 819 672 llic,
841 614 911 656 cum
931 597 968 675 in
987 591 1152 655 littoribus
1169 589 1223 655 Nili

194 714 330 779 iuneosis
344 731 479 803 pugnam
494 734 565 772 cum
586 712 690 792 aspide
712 712 897 792 ingreditur,
940 696 1032 773 antea
1050 710 1087 797 in
1107 685 1224 771 fluuium

194 837 299 897 desilit
320 830 407 891 etin
428 849 523 922 coeno
542 804 719 891 volutatum
740 848 853 908 corpus
874 830 962 909 quari
985 831 1110 902 loricat,
1134 830 1184 905 ita,
1198 839 1225 888 ιι

193 952 259 1014 sole
285 952 430 1032 siccatum
455 947 598 1009 dentibus
617 947 744 1034 'aspidis
772 924 1008 1028 impenetrabile
1038 947 1107 1009 fiat.
1157 947 1226 1007 Tum

192 1088 270 1130 vero
291 1067 431 1127 insiliens
453 1075 628 1159 serpentem
649 1078 702 1129 aut
717 1043 817 1147 capite
839 1075 893 1126 aut
906 1066 1006 1143 cauda
1028 1034 1175 1143 dentibus
1187 1086 1225 1125 ar·

193 1197 280 1271 repta
300 1188 334 1245 in
354 1203 447 1264 aquas
468 1184 592 1264 proiicit
613 1195 644 1244 et
664 1184 784 1265 mergit
999 1151 1002 1158 Ι
1188 1174 1191 1181 ’

276 1304 363 1364 Vers
371 1301 561 1385 209-25]
582 1281 683 1395 Nosce
714 1302 808 1385 etiam
833 1276 952 1362 variam
975 1301 1108 1381 viperae
1143 1298 1228 1389 (actu.

192 1420 286 1506 dnae)
307 1408 441 1481 formam
469 1429 501 1511 et
529 1418 773 1509 magnitudinem
802 1406 861 1498 per
889 1419 1049 1498 Europam
1070 1416 1229 1505 Asiamque

190 1539 417 1621 reperiendam
458 1534 584 1614 Europa
606 1536 729 1619 quidem
750 1538 886 1623 minores
908 1539 980 1621 sert,
995 1556 1105 1615 super
1127 1546 1226 1597 extre-

190 1639 250 1718 luis
271 1655 396 1749 naribus
419 1666 565 1718 cornutas
587 1664 619 1714 et
639 1637 823 1715 subalbidus.
870 1652 963 1712 Talea
984 1654 1134 1717 habitant
1146 1646 1227 1713 mor-

190 1785 238 1836 tes
258 1773 423 1867 Scironi0s7
461 1740 667 1844 Pammenios,
703 1742 876 1853 llhypaeoa,
920 1769 1034 1830 collem
1061 1769 1227 1832 Coraciaet

189 1915 301 1955 canum
321 1892 512 1977 Aseleuunc
536 1880 607 1949 A'sia
625 1908 700 1948 vero
721 1886 932 1992 magnitudine
951 1887 1048 1948 ulnae
1063 1901 1095 1952 et
1118 1887 1225 1970 longior

188 2029 239 2074 res
259 2011 352 2071 etiam
374 1984 441 2079 alit,
479 2005 582 2105 quales
605 2006 733 2086 suntin
755 2024 863 2099 aspero
885 2003 1069 2099 Bucartero,
1111 2008 1226 2087 Aesagu

76 2110 80 2121 Ι
188 2136 221 2190 et
242 2096 412 2204 Cercapho.
454 2110 554 2183 Huius
565 2121 696 2213 generis
718 2133 813 2202 caput
834 2143 929 2203 supra
949 2123 1053 2219 latum
1075 2133 1142 2183 est.
1168 2142 1226 2183 osu-

188 2246 229 2306 da
250 2264 325 2304 vcro
346 2241 384 2301 ab
408 2248 546 2300 extremo
560 2259 700 2343 corpore
718 2241 857 2329 trahitur
873 2238 985 2301 mutila
1002 2249 1034 2299 et
1057 2238 1152 2300 duris
1165 2241 1225 2338 hor·

189 2385 261 2451 rene
282 2358 435 2488 squamis:
460 2332 579 2447 leuto'
569 2375 688 2416 incessu
709 2324 851 2433 lluctuat.
907 2355 1024 2437 Contra
1041 2360 1161 2451 vipera
1177 2375 1227 2419 ιιι

188 2442 313 2569 (caleis)
324 2475 423 2536 omnis
443 2479 555 2561 ceput
559 2450 683 2534 acutum
704 2474 806 2551 habet,
829 2450 1023 2557 longitudine
1048 2480 1145 2539 varia
1162 2500 1226 2557 eras·

187 2597 322 2661 situdins
343 2590 463 2651 ventris
485 2589 604 2651 minor·
647 2592 742 2650 cauda
757 2597 814 2655 sub
831 2602 972 2673 extremo
996 2612 1139 2675 corpore
1151 2598 1225 2689 loup

187 2711 359 2803 pequaliter
375 2714 533 2787 attenuata
552 2716 584 2766 et
599 2707 766 2787 squammis
787 2710 891 2771 attrita
908 2711 1105 2790 aequaliter,
1149 2730 1218 2796 quau

186 2810 333 2897 incedens
348 2826 494 2893 inuoluit.
558 2823 674 2884 Oculi
664 2827 738 2885 rrati
752 2827 866 2886 rubent
875 2828 1010 2908 ,lingua
1026 2848 1108 2921 vero
1110 2832 1222 2915 duplex

181 2922 340 3011 ⁴vibratur.
391 2940 572 3049 [Hune
536 2946 671 3001 viatores
695 2946 844 3037 Cocytum
871 2948 1024 3022 vipereum
1041 2916 1221 3029 appellunt]

189 3066 289 3129 Huius
303 3042 365 3125 duo
382 3061 486 3145 dentes
501 3060 647 3139 venenati
659 3060 693 3118 in
706 3070 775 3119 cute
789 3060 944 3122 vulnerati
957 3063 1141 3145 signantur:
1161 3062 1222 3155 plu-

188 3202 241 3244 res
254 3201 329 3241 vero
342 3196 464 3281 semper
479 3142 636 3263 echidnae,
657 3198 735 3256 quae
750 3185 815 3236 ιοιο
831 3197 887 3238 ore
904 3180 1046 3253 mordet,
1066 3180 1117 3245 ita
1130 3192 1167 3243 vt
1183 3181 1223 3240 di·

188 3301 288 3363 ductis
302 3299 365 3357 oris
379 3272 508 3355 babenis
519 3295 696 3354 dentium
671 3314 756 3376 signa
771 3293 835 3355 cuti
849 3295 1019 3379 imprimat
1064 3296 1094 3358 E
1104 3302 1223 3361 vnum

188 3418 260 3481 lluit
273 3411 371 3478 sanies
394 3390 464 3512 oleo
466 3413 602 3515 similis,
624 3412 699 3497 alias
718 3420 857 3486 cruenta,
898 3411 1066 3499 aliquando
1091 3418 1262 3479 decolor.-

189 3556 261 3600 curo
277 3551 354 3593 vero
366 3533 401 3592 in
414 3502 567 3592 tumorem
581 3504 724 3606 viridem,
746 3529 910 3609 aliquando
924 3533 1104 3613 rubentem,
1131 3538 1223 3599 inter·

188 3657 263 3717 dum
273 3649 406 3712 liuidum
422 3649 590 3709 attollitur:
608 3647 683 3707 alias
698 3646 831 3707 humore
844 3647 938 3731 plena
952 3659 1077 3729 turget,
1100 3655 1224 3715 similes·
1267 3616 1269 3697 l

189 3794 249 3855 que
261 3772 469 3860 ambustorum
489 3744 584 3855 bullis
600 3773 778 3844 erumpunt
785 3763 932 3849 pustulae
950 3767 1149 3848 frequentes:
1169 3768 1224 3851 p'u·
1267 3792 1269 3825 ι

188 3889 255 3987 tria
263 3855 368 3975 vlcera
380 3883 519 3969 vulnus
509 3902 617 3962 ipsum
619 3891 651 3943 ct
663 3882 744 3942 circa
758 3882 982 3984 depascuntur:
1000 3906 1118 3969 corpur
1131 3899 1224 3951 totum

191 4004 363 4107 exardescit
385 4020 470 4061 noae
491 4002 594 4084 graui5
628 3999 780 4083 singultus
797 3974 900 4115 crebri
919 4011 1029 4084 guttur
1048 4015 1083 4069 et
1104 4008 1224 4071 vuulm
