2550 4726
398 388 581 462 *vsuuo
612 401 768 482 tritus
963 418 965 425 ·
1037 375 1123 479 ‘335

87 601 129 638 m
141 577 261 638 aridam
276 565 416 652 pustulae
431 582 633 649 erumpentes
650 585 681 632 et
702 573 785 634 sanie
801 577 931 637 refertae
948 593 1117 657 occupant:
1172 580 1175 587 ’

87 697 152 755 culi
170 694 315 772 caligant:
335 689 388 748 alii
412 690 547 750 balatum
569 659 664 749 edunt
677 701 707 750 et
728 692 926 753 suffocatione
944 709 1115 777 anguntur·
1143 745 1153 767 ,

87 814 161 882 rina
186 809 412 889 supprimitur:
433 807 487 864 alii
504 827 624 889 sopore
639 810 735 888 pressi
758 819 890 870 stertunt
898 815 1116 895 ,singultibus

87 932 185 991 cebris
200 928 391 1008 quatiuntur,
413 934 466 990 sut
476 925 571 984 bilem
583 926 800 1006 sanguinemue
814 907 934 989 vomitu
948 925 1114 994 reiiciunt:

87 1047 202 1124 cuique
218 1046 299 1103 sitim
314 1064 384 1104 cum
402 1053 537 1102 tremore
549 1043 643 1101 totius
658 1047 794 1124 corporis
814 1048 984 1124 patiuntur.
1054 1028 1058 1045 .

155 1165 240 1223 Vers.
250 1163 360 1221 438-
367 1161 437 1236 457
457 1161 630 1220 Draconem
652 1164 752 1240 specie
766 1165 919 1244 pulcrum,
940 1142 1113 1230 subflauum
1129 1213 1134 1219 „
1196 1158 1200 1165 ’

87 1301 283 1365 yaneutuque
304 1277 501 1357 Aesculapius
517 1278 625 1336 olim
616 1299 649 1334 in
666 1277 743 1338 Pelii
763 1281 866 1342 niuosi
884 1285 1030 1344 frondosa
1043 1289 1112 1367 sago
1134 1323 1136 1328 .

87 1421 122 1458 or
139 1399 260 1456 vallem
276 1397 500 1456 Pelethroniam
516 1395 674 1453 educauit:
717 1395 804 1473 cuius
817 1405 980 1478 utramque·
996 1405 1111 1463 maxil-

87 1539 128 1575 tm
143 1516 328 1594 tergeminus
352 1513 490 1603 dentium
514 1513 590 1571 ordo
606 1521 719 1570 armat:
739 1513 866 1594 pingues
884 1494 967 1577 oculi
985 1520 1040 1578 sub
1057 1485 1110 1581 sti-
1159 1557 1163 1574 t

88 1633 205 1694 erciliis
223 1642 309 1705 sunt,
352 1652 368 1688 e
390 1640 493 1713 mento
517 1631 629 1710 pendet
646 1631 740 1709 barba
761 1649 862 1690 aurea.
877 1714 880 1721 ι
906 1634 1026 1696 Morsus
1045 1659 1111 1701 em,

87 1747 294 1810 uomuisirati
317 1749 465 1807 maiorem
486 1765 602 1825 noxum
622 1751 718 1825 quam
738 1746 852 1809 vulnus
870 1771 888 1808 a
904 1750 992 1812 dente
1013 1756 1111 1815 muris

90 1871 190 1926 latum
201 1885 266 1926 non
284 1866 372 1925 affert
385 1862 665 1942 praeter‘dolorem.
708 1861 786 1932 Huic
808 1867 927 1926 bellum
944 1878 989 1926 est
1000 1888 1111 1951 perpe.

87 2007 156 2044 rum
169 2005 238 2043 cum
250 1984 358 2060 aquila,
369 1983 456 2041 cuius
469 1983 577 2041 nidum
590 1990 621 2039 et
630 1999 688 2039 oua
704 1982 920 2058 depraedatur:
946 1964 1040 2063 quere
1054 1985 1112 2046 illa
1200 2034 1201 2045 ,

87 2120 227 2177 raconem
240 2101 412 2177 ubicunque
434 2097 551 2160 viderit
575 2084 776 2173 incedentem,
792 2101 966 2180 impugnat.
1008 2088 1107 2182 Saepe

87 2220 157 2292 tiam
176 2219 266 2277 draco
284 2218 425 2298 praedem
440 2217 568 2296 aquilae,
588 2236 678 2274 ouem
691 2187 877 2294 leporemue,
900 2218 1105 2279 subitoefru-

87 2347 123 2397 sto
139 2336 301 2415 prosiliens
318 2335 411 2411 eripit
420 2358 430 2391 :1
448 2333 502 2392 illa
511 2335 605 2412 fugit:
623 2335 724 2394 oritur
741 2354 842 2414 pugna
855 2335 891 2393 de
901 2336 1029 2410 praeda:
1053 2323 1106 2397 sed

87 2454 222 2513 olentem
244 2453 305 2512 huc
328 2455 404 2512 illuc
424 2453 539 2512 frustra
557 2452 648 2510 draco
665 2471 777 2531 corpus
792 2451 879 2510 varie
896 2461 1106 2534 contorquens

87 2572 223 2649 uilisque
236 2570 334 2630 toruis
345 2570 469 2628 intuens
486 2570 669 2655 insequitur.
744 2582 748 2592 “

147 2687 233 2746 Vers.
247 2688 433 2746 tus-482.
454 2685 491 2747 In
510 2685 612 2745 insula
632 2687 894 2762 Vulcanosacra,
918 2685 1051 2762 Lemno,
1073 2697 1105 2747 et

87 2826 164 2879 amo,
178 2804 218 2861 in
234 2803 304 2861 sinu
320 2802 451 2862 Thracio
463 2804 540 2880 sitis,
561 2805 689 2882 longum
701 2813 886 2879 monstrum,
908 2793 1105 2865 cenchrinem
1191 2842 1193 2847 ·

87 2920 239 2998 uiliorem)
261 2921 403 2996 reperies,
424 2938 517 2998 quem
550 2919 605 2977 alii
631 2920 758 2977 leonem
782 2901 910 2993 vocant,
943 2902 1105 3000 ¹‘punctatis

87 3038 196 3120 [usmis
210 3036 405 3114 variegaturn,
424 3035 511 3133 ¹varia
523 3043 554 3092 ct
567 3035 757 3124 longitudine
772 3046 803 3094 et
819 3036 1019 3100 crassitudine
1035 3059 1106 3100 cor·

87 3159 154 3219 iris.
198 3155 333 3214 Morsum
346 3153 568 3212 eiuscoutinuo
584 3148 724 3231 sequitur
737 3154 867 3231 putredo
884 3155 986 3213 omnia
1004 3176 1104 3215 mem·
1187 3177 1194 3187 ⁸

87 3295 117 3334 :a
134 3273 304 3350 depascens,
326 3279 357 3327 et
373 3267 564 3330 cumdolore
579 3270 666 3350 graui
686 3268 827 3355 hydrops
847 3281 987 3333 ventrem
1001 3272 1102 3332 vmbi-
1171 3260 1175 3269 ’

87 3409 213 3468 rumque
227 3397 368 3464 occupat.
412 3385 545 3461 Hicsole
559 3387 730 3445 meridiano
743 3388 884 3446 feruentc
898 3382 1103 3449 visitatmou-

87 3532 102 3568 s
123 3507 217 3565 Saum
237 3512 268 3563 et
283 3504 491 3584 Mosychlum,
533 3505 586 3564 vbi
609 3513 746 3581 pastores
768 3504 824 3562 sub
844 3505 953 3563 umbre
966 3486 1105 3566 abietum

87 3643 167 3702 reges
191 3623 297 3680 ouium
322 3629 517 3700 congregatos
539 3618 722 3701 refrigerare
738 3621 846 3689 solent,
868 3596 1100 3700 sanguinemsi-

87 3763 138 3800 ens
152 3739 319 3817 suibusque
331 3738 488 3798 insidians.
531 3737 611 3810 Huic
625 3737 743 3796 furenti
753 3757 827 3795 caue
839 3757 981 3797 occurras
992 3759 1100 3818 quam·
1142 3815 1144 3819 7
1167 3750 1169 3755 ⁴

87 3856 228 3926 saudax,
252 3876 291 3913 ne
312 3864 342 3914 te
367 3856 457 3936 spiris
476 3855 539 3914 suis
563 3854 753 3935 implicatum
773 3856 941 3934 strangulet
958 3864 989 3913 ct
1007 3828 1108 3934 ιιιριό

87 3993 186 4037 torace
200 3972 376 4079 sanguinem
386 3970 562 4034 exhauriat:
586 3973 638 4032 sed
650 3973 722 4050 suge
732 3971 935 4052 obliqua,non
947 3954 1029 4031 rectu
1043 3972 1104 4033 via:

683 4070 708 4130 B
729 4070 750 4131 b
