2550 4726
165 428 229 471 nv.
528 397 824 504 PRAEFaTtO.

165 582 213 649 N.
229 597 335 665 usque
352 574 395 643 ad
409 584 640 659 annum1181‚
660 598 687 641 a.
698 574 736 643 Ο.
754 576 799 644 N.
816 589 908 644 recte
921 579 1033 666 potuit
1048 583 1125 650 dici
1144 585 1179 650 N
1184 585 1212 650 i-

168 682 295 750 cander
316 677 445 746 vixisse
458 689 563 741 aetate
576 677 688 744 Attuli
705 680 729 745 I.
745 684 776 743 e't
796 679 983 747 Ptolemaei
998 681 1044 749 V.

267 781 381 846 Locus
401 777 459 844 hic
476 776 624 843 inuitare
640 802 695 844 me
717 780 865 866 videtur,
886 795 933 869 vt,
960 796 1141 900 antequam
1159 788 1216 849 dc-

169 886 291 964 sinam‚
307 904 386 946 cum
397 881 523 945 lectore
543 875 706 966 gaudium
720 893 753 945 et
769 882 944 949 cimelium
962 888 1213 952 communicem

167 997 283 1074 nup'et
314 984 466 1048 oblatum
499 981 660 1046 acedice
692 985 927 1072 manuscripto
950 986 1215 1053 Vtatislauiensi

165 1084 395 1158 bibliothecae
417 1084 675 1168 Redigeranae,
694 1086 753 1170 qui
776 1085 918 1174 Pindali
944 1068 1217 1204 Olympionicas

168 1213 250 1257 cum
261 1186 408 1252 Scholiis
426 1185 566 1253 vetustis
584 1197 617 1250 et
640 1166 886 1252 recentioribus
905 1191 1046 1256 seorsim
1072 1192 1211 1279 scriptis
1232 1234 1236 1249 ι

168 1291 329 1359 continet.
381 1285 513 1351 Toxlus
529 1287 728 1352 varietatem
740 1287 775 1352 iu
791 1280 890 1355 vium
903 1291 1062 1356 editionis
1081 1292 1211 1357 Bocch-

152 1394 289 1461 ‚bianae
299 1397 499 1477 excerptam
509 1387 627 1473 video,
655 1391 695 1454 de
706 1389 925 1457 Scholiorum
938 1415 1022 1459 vero
1036 1407 1211 1480 praestan-

168 1496 216 1563 tia
230 1493 322 1560 nihil
339 1484 511 1556 monitum
525 1489 649 1577 reperi.
702 1490 1056 1581 Discrepant'uetusta
1075 1495 1212 1560 Scholia

142 1672 146 1679 ,
166 1599 211 1667 ab
230 1595 331 1660 editis
346 1589 528 1679 permultis
544 1590 579 1654 in
596 1592 699 1680 locis,
726 1594 826 1660 nouis
840 1607 948 1677 aucta,
976 1606 1008 1659 et
1025 1596 1212 1660 auctorita«

167 1712 201 1766 te
233 1692 497 1780 Aristophanis,
524 1685 737 1777 Aristarchi,
774 1695 1006 1779 Aristodemi,
1034 1696 1210 1784 Dionysii,

168 1796 378 1878 Ammouii,
405 1792 729 1879 grammaticorum,
755 1796 931 1880 distincta,
958 1797 1017 1861 vbi
1033 1799 1214 1863 confusam

165 1894 458 1989 interpretationis
485 1895 682 1960 varietatem
714 1895 804 1983 edite
830 1910 1042 1985 proponunt.
1104 1899 1211 1964 initio

166 2004 238 2085 vita
258 1997 396 2066 Pindari
413 1995 566 2087 apposita
585 1996 722 2081 legitur,
739 1997 875 2064 diuersa
896 2000 937 2064 ab
953 2000 1054 2085 edita,
1072 2011 1106 2062 et
1123 1999 1214 2089 frag-

165 2103 292 2175 mentis
302 2097 502 2165 carminum
525 2084 790 2163 Pindaricorum
807 2098 907 2165 nouis
931 2101 1059 2188 aliquot
1076 2104 1214 2191 conspi-

149 2231 243 2291 cua,
263 2201 386 2269 additis
401 2197 511 2263 infine
525 2186 823 2288 tipophthegmatis
837 2222 1065 2290 sex,qu01um
1082 2216 1217 2291 postre-

165 2330 264 2379 mum
291 2303 453 2367 Stobaeus
480 2299 582 2364 ctiam
614 2302 739 2389 posuit
798 2300 900 2381 Hanc
932 2302 1074 2368 Pindari
1105 2305 1216 2372 vitam

169 2404 368 2502 speciminis
382 2403 458 2468 loco
476 2402 636 2488 deinceps
664 2399 808 2518 apposui
828 2416 1059 2491 excerptame
1077 2403 1215 2492 Codice,

167 2507 359 2580 subiunctis
378 2499 654 2570 annotationibus
671 2505 771 2569 meis:
797 2507 888 2570 vnde
904 2505 1065 2620 augprari
1082 2507 1214 2595 possint

167 2617 323 2694 lectores,
350 2622 452 2695 quam
466 2603 610 2690 insignis
625 2602 779 2671 accessio·
776 2602 868 2673 ande
875 2629 1068 2672 carminum
1083 2608 1213 2673 Pinda-

167 2717 324 2783 rieorum
351 2705 490 2773 criticae
517 2704 747 2773 emendationi
772 2707 849 2771 fieri
874 2708 989 2803 possit
1048 2709 1215 2776 Codicem

167 2819 286 2909 ipsum
304 2807 515 2923 descriptum
532 2828 602 2870 esso
617 2806 774 2895 suspicor
790 2831 808 2872 e
824 2808 981 2875 Medieeo
998 2811 1125 2898 aliquo,
1147 2836 1215 2878 vn-

169 2922 213 2988 de
225 2911 407 2984 Victorius
424 2904 728 2992 insignecaiminis
739 2907 970 2997 fragmentum
984 2926 1215 3000 excerpserat,

89 3071 96 3080 .
170 3020 265 3109 quod
281 3034 393 3102 nuper
419 3005 457 3075 in'
469 3007 568 3074 Actis
586 3008 850 3101 Philologorum
866 3012 1130 3079 Monacensium
1146 3039 1215 3105 pu-

169 3106 337 3187 blicatum
352 3111 488 3198 legitur⁴

150 3250 153 3257 ·
274 3214 473 3284 scribebam
490 3210 721 3285 Vratislauiae
738 3239 766 3283 a.
778 3216 809 3284 d.
829 3216 885 3284 Ill.
905 3217 985 3286 Idus
996 3217 1216 3308 Septembres

171 3314 417 3391 Muccuxv.
601 3332 605 3337 ·
