2550 4726
122 390 185 473 590
281 373 285 383 '
384 400 583 466 urcsnnm
608 401 902 466 'susurremus

122 555 281 624 sedetiam
298 572 581 647 contrascorpiom's
597 581 628 629 et
640 571 795 651 phalangii
808 591 958 646 morsum,
980 573 1008 631 si
1023 584 1084 633 tres
1095 570 1161 634 inde

121 680 227 741 obolos
240 707 309 744 cunr
325 688 399 745 vino
417 688 522 747 mistos
539 690 701 765 acceperis.

205 802 485 866 versem-665.
507 807 606 865 Nosce
632 807 694 865 iam
727 782 982 865 chamaeleonenl
1001 807 1155 886 geminum,

101 911 242 994 nigrum
255 931 286 980 et
305 923 420 996 album,
441 925 529 981 illum
548 925 689 1005 scolymo,
700 924 840 998 similem,
877 924 956 985 folio
974 944 1086 1003 aspero
1107 927 1157 1007 [ro-

121 1032 238 1114 tundo}
251 1037 354 1097 radice
369 1060 478 1120 magna
493 1041 590 1119 nigra,
610 1040 643 1098 in
656 1040 783 1099 saltibus
801 1041 954 1099 umbrosis
972 1050 1156 1100 nascentem:

84 1188 92 1203 ,
120 1145 204 1206 huuc
215 1152 297 1213 soliis
312 1176 432 1234 semper
449 1157 662 1230 abundantem,
686 1159 826 1236 equibus
842 1159 976 1216 medium
997 1169 1092 1238 caput
1105 1159 1156 1218 hu-

8 1282 12 1291 ’
121 1264 194 1324 mile
209 1271 336 1331 eminet:
353 1274 457 1333 radice
466 1275 631 1345 subalbida,
654 1275 751 1335 dulci:
773 1277 896 1356 nigrum
905 1276 1012 1351 reiice,
1036 1274 1099 1336 albi
1111 1296 1156 1334 ve-

119 1398 157 1440 10
169 1385 346 1450 drachmam
361 1411 431 1450 cum
448 1412 528 1470 aqua
545 1393 745 1450 commixtam
760 1393 854 1454 bibes.

202 1504 491 1584 vendidi-675.
515 1508 607 1569 Sume
622 1511 713 1570 aliam
722 1509 842 1570 Alcibio
859 1509 989 1570 herbam
1008 1509 1155 1591 cognomi·

119 1638 200 1696 nem,
222 1636 372 1703 quantum
379 1646 487 1685 manus
503 1629 611 1704 cupiat,
622 1647 691 1687 cum
699 1647 796 1707 pauco
806 1628 889 1694 vino.
918 1627 1025 1687 'Hanc
1037 1635 1156 1688 venator

119 1737 153 1796 in
168 1741 490 1831 scopulisPhalacrae,
516 1745 591 1803 dum
612 1744 762 1824 Crymnes
786 1764 908 1823 campos
929 1755 960 1802 et
977 1747 1114 1805 Grasum
1133 1755 1156 1804 et

117 1863 205 1934 prata
218 1857 301 1937 Equi
312 1882 382 1919 cum
396 1862 521 1920 canibus
536 1861 692 1922 Laconicis
713 1863 911 1942 peruectigat,
933 1860 1153 1937 animaduertit

118 1974 225 2033 audito
240 1979 322 2038 canis
338 1976 480 2054 clamore,
502 1999 594 2059 quem
612 1999 717 2058 caprae
735 1979 862 2057 vestigia
875 1991 1116 2059 persequentem
1128 1981 1154 2039 al

118 2093 202 2150 oculi
215 2097 361 2174 angulum
377 2098 550 2158 momordit
566 2096 706 2155 echidna:
727 2097 781 2155 ille
794 2117 879 2170 vere,
896 2116 1032 2157 excussa
1049 2109 1082 2156 et
1095 2104 1154 2179 pm·

117 2211 169 2269 cul
187 2212 302 2275 abiecta
316 2215 420 2285 bestia,
443 2215 519 2277 solia
536 2214 647 2275 herbae
662 2213 840 2290 comeditlct
852 2224 988 2274 mortem
1007 2218 1122 2297 effugit

203 2331 485 2412 Versb76-688.
501 2331 611 2412 Accipe
632 2333 726 2391 etiam
746 2332 876 2392 viridem
896 2333 1050 2392 corticem
1065 2345 1152 2394 croto·

117 2449 165 2508 nis
182 2448 284 2522 (ricini
292 2468 299 2516 r
313 2451 381 2508 oleo
397 2451 579 2510 abundantis
592 2471 653 2510 vna
665 2472 735 2508 cum
750 2448 834 2507 soliis
848 2447 1095 2530 melissophylli,
1112 2459 1150 2511 aut

116 2563 352 2646 heliotropium,
374 2567 459 2646 quod
471 2567 622 2642 similiter,
644 2577 679 2626 vt
692 2568 767 2626 lolia
782 2566 886 2645 glauca
903 2567 1003 2644 oleae,
1026 2572 1101 2630 solis
1113 2592 1150 2630 re·

115 2656 264 2743 vertentis
285 2686 518 2761 concessionem
539 2684 673 2756 indicat3
704 2683 778 2740 item
802 2681 937 2740 radicem
961 2658 1145 2763 cotyledoni.

116 2818 195 2882 quae
208 2805 372 2880 perniones
385 2805 500 2883 frigore
512 2812 677 2880 ruptorum
691 2800 805 2876 pedum
821 2799 913 2858 tollit:
935 2819 1148 2883 nonnunqum

115 2919 262 2999 pyrethri
275 2923 351 2981 folia
366 2920 478 2982 viridia
496 2926 551 2979 aut
571 2908 777 2996 scolopendrii
800 2920 934 2977 caulem:
968 2919 1049 2980 item
1068 2944 1147 3004 pans-

115 3060 165 3099 ces
180 3022 366 3120 Asclepium,
389 3061 451 3119 quo
466 3042 503 3099 ad
516 3040 599 3120 ripas
619 3036 749 3097 Melanis
762 3035 852 3133 fluuii
871 3046 1002 3113 reperto
1016 3041 1151 3101 Aesculr«

116 3158 187 3235 pius
205 3155 330 3236 Iphiclis
351 3158 466 3218 vulnus
480 3157 616 3234 sanauit,
630 3157 710 3237 quod
727 3162 892 3234 acceperat,
932 3154 1010 3215 dum
1030 3157 1150 3234 hydram

114 3277 281 3338 Lernaeam
294 3295 356 3335 vna
370 3296 440 3338 cum
454 3275 587 3350 Hercule
602 3272 716 3336 exurit.
1038 3344 1041 3350 .

197 3393 283 3454 Vere.
293 3393 354 3472 689
364 3392 483 3472 -699.
503 3390 634 3452 Habebis
647 3393 738 3452 etiam
757 3390 908 3451 aduersus
920 3408 1043 3450 venena
1059 3392 1152 3453 omnia

115 3511 285 3576 remedium
299 3511 603 3591 praestantissimum,
650 3509 677 3569 si
692 3508 841 3568 mustelae
857 3509 976 3568 catulos
996 3519 1053 3568 aut
1063 3511 1153 3590 ipsam

114 3638 244 3694 matrem
256 3638 386 3690 venetus
403 3631 507 3688 statim
520 3627 601 3706 pilos
616 3628 686 3708 igne
699 3627 888 3708 purgaueris,
910 3623 1022 3693 deinde
1037 3624 1152 3686 intesti-

114 3746 164 3811 nis
187 3755 218 3807 et
236 3748 410 3809 ventriculo
433 3747 562 3805 exemtis
586 3747 647 3806 sale
663 3743 817 3806 conditum
837 3743 969 3803 cadauer
991 3742 1029 3805 iu
1050 3744 1152 3803 vmbra

115 3869 260 3933 siccatum
273 3863 462 3946 reposueris:
485 3864 567 3938 hinc,
588 3847 715 3942 quando*
731 3881 807 3942 opus
824 3860 862 3921 ad
883 3859 1000 3919 vulnus
1025 3859 1151 3936 habebis,

115 3987 259 4050 derasum
273 3984 384 4053 cultro,
406 3992 442 4043 vt
454 3980 603 4062 silphium
621 3969 654 4042 ot
668 3999 798 4055 caseum,
819 3978 895 4038 vino
911 3978 1101 4040 admiscebis.
