2550 4726
469 378 762 481 iniuriam:
1063 392 1137 483 'xm

100 608 161 682 tar,
192 595 290 662 cuius
306 591 382 679 initi
387 613 443 655 um
460 591 654 678 appositum
672 592 911 685 ¹genealogiam
927 595 967 660 eli
983 595 1136 686 Hercule

95 702 274 789 repetitam
293 693 401 761 Attali
416 693 535 758 tradit:
583 693 779 760 Postremus
795 696 1005 782 Attalorum,
1032 702 1135 784 quein

91 798 300 890 chronologi
310 797 451 859 tertium
458 806 650 877 numerant,
661 805 860 897 testamento
873 810 1029 863 mortuus
1047 823 1136 864 atino

89 929 119 969 a.
137 902 178 972 O.
200 902 245 965 N.
266 896 347 965 155.
363 895 685 981 regnumRomanis
701 897 839 983 legauit.
883 899 1136 971 lsrcromini*
1241 939 1246 949 ·

88 1028 148 1073 me
175 1002 247 1068 dici
273 1009 385 1087 potest
403 1009 637 1086 καταλυθῆναι
659 1004 726 1072 ὑπὸ
746 1007 937 1092 Ῥωμαίων,
972 994 1082 1067 victus
1104 1016 1137 1067 et
1168 1021 1170 1025 ’
1249 1038 1251 1045 ·

86 1130 200 1193 regno
224 1102 381 1191 priuatus
405 1123 482 1166 esse.
534 1102 654 1188 Neque
674 1100 712 1165 id
732 1101 800 1165 dici
820 1104 990 1188 poteetxde
1015 1115 1141 1190 patruo

89 1211 196 1292 eius,
244 1204 305 1291 qui
327 1226 397 1291 per·
408 1203 532 1289 viginti
550 1226 656 1267 annos
682 1224 829 1288 reguum
847 1203 974 1290 pupilli
991 1203 1138 1270 admini-

89 1309 229 1397 strauit,
256 1308 395 1370 tandem
412 1304 454 1370 ab
479 1327 517 1369 eo
535 1306 649 1369 dolose
667 1303 865 1369 interfectus
880 1327 967 1369 aimo
989 1330 1016 1372 a.
1038 1304 1074 1371 C.
1091 1305 1138 1369 N.
1169 1398 1172 1405 Ι
1254 1372 1257 1380 ,

94 1412 180 1482 138.
235 1407 306 1471 Hic
320 1407 388 1470 fuit
404 1407 592 1473 medicinae
614 1405 713 1473 valde
734 1405 918 1489 studiosus,
939 1407 1199 1485 litterarum„
1260 1454 1263 1476 1

89 1513 206 1578 studia
224 1509 359 1595 egregie
377 1507 481 1572 fouit:
507 1502 732 1574 vndettctum
750 1519 809 1590 est,
830 1517 868 1572 vt
881 1521 1035 1575 auctores
1049 1506 1139 1571 ntul-
1229 1529 1247 1573 ’.

85 1616 113 1680 ti
133 1615 246 1679 libros
265 1634 343 1676 suos
359 1610 490 1675 nomini
502 1610 610 1674 Attali
627 1608 730 1674 huius
742 1609 782 1674 ΙΙ.
792 1609 974 1697 inscriptos
991 1612 1139 1675 ederent.

84 1718 201 1782 Hunc
226 1712 335 1800 igitur
359 1711 548 1796 intelligia
573 1711 744 1800 Dionysio
772 1708 959 1801 Phaselite,
997 1710 1136 1777 notitiae

86 1829 247 1898 auctore,
276 1813 409 1880 censuit
425 1811 548 1879 Thom.
571 1813 658 1878 Gale
673 1802 710 1879 iti
725 1812 900 1880 Dissertat.
919 1816 961 1880 ad
980 1814 1135 1900 Scripto-

84 1942 145 1986 res
162 1918 287 1986 histor.
308 1914 461 2003 poeticae
478 1938 512 2003 p.
534 1914 591 1983 46.
791 1921 796 1933 '
1085 1925 1088 1931 '

193 2048 362 2119 Errorcm
389 2051 552 2165 Dionysii
576 2052 674 2116 auxit
694 2051 832 2136 Suidas,
866 2049 948 2118 haec
966 2062 1132 2139 repetens:
1184 2122 1187 2129 ,

87 2142 244 2236 γεγονώξ
263 2145 352 2212 κατα
375 2147 436 2215 τόν
456 2169 532 2212 reor
548 2143 728 2210 ’Ἄτταλον
745 2142 847 2227 ἥνρνν
864 2146 924 2210 τὸν
946 2149 1137 2211 τελευταῖον
1158 2168 1162 2177 ’

88 2245 419 2327 τόνΓαλατονὶκην,
437 2243 477 2313 ὃν
494 2243 648 2330 Ῥωμαῖοι
663 2246 857 2311 κατέλυσαν.
898 2242 1148 2327 Attaluseniiu
1176 2336 1179 2341 1

94 2361 120 2425 1.
139 2384 229 2426 enno
248 2381 275 2427 a.
293 2357 328 2427 C.
345 2358 390 2423 N.
407 2354 490 2423 258.
506 2355 624 2423 Gallos
642 2356 750 2425 victos
765 2352 896 2445 repulit
908 2366 940 2420 et
955 2354 1046 2421 intra
1062 2355 1135 2423 Ga·
1215 2376 1217 2381 ·

90 2463 209 2531 latiam
227 2458 407 2533 conclusit.
536 2456 540 2465 ’
787 2456 791 2463 ’
1181 2476 1183 2481 ·

192 2596 332 2664 Auctor
351 2597 440 2664 vitae
459 2596 562 2664 Arati
582 2597 817 2663 demonstrans
834 2619 986 2665 errorem
1001 2621 1133 2689 eorum,

86 2699 150 2788 qui
162 2698 277 2765 Arete
292 2694 511 2764 Nicandrum
533 2703 708 2786 aequalem
732 2712 887 2786 tempore
900 2699 1066 2784 lecerunt,
1079 2700 1135 2791 ,ad
1214 2712 1217 2727 “

85 2800 327 2891 Ptolemaeum
347 2801 505 2887 quintum
522 2802 649 2909 relegat
666 2800 836 2873 Nicandri
852 2814 1005 2868 aetatem.
1035 2801 1133 2867 Pto-

85 2903 241 2976 lemaeus
264 2913 378 2967 autem
393 2897 467 2991 hic,
478 2903 675 2990 Epiphanes
691 2902 909 2987 cognomine,
936 2904 977 2967 ab
996 2926 1086 2971 anno
1103 2928 1131 2971 a.

86 3003 130 3072 C.
143 3003 193 3068 N.
210 3000 295 3073 aad.
308 3004 475 3099 regnauit.
511 3003 636 3088 Vides,
654 3000 852 3068 auctoritate
869 3005 1131 3081 veterumscri-

85 3116 230 3194 pteram
247 3116 391 3179 aetatem
405 3102 575 3169 Nicandri
595 3106 686 3171 intra
701 3124 829 3169 annum
846 3128 873 3169 a.
891 3105 926 3169 C.
937 3107 983 3181 N.
1005 3109 1085 3185 204.
1098 3118 1132 3171 et

88 3206 173 3288 138.
194 3205 389 3272 conclusam
406 3206 539 3273 ,dubios
552 3212 613 3273 nas
631 3205 848 3303 relinquere,
903 3207 958 3271 cui
981 3209 1130 3274 termino

83 3307 226 3376 virilem
249 3319 513 3394 poetaeaetatem
531 3319 720 3373 etmortem
736 3329 955 3394 ass1gnemus.
1009 3309 1129 3389 Quod-

83 3408 116 3472 si
128 3407 290 3474 Attalum
305 3409 329 3472 l.
339 3433 399 3473 seu
407 3408 632 3473 Galatonicen
647 3388 879 3497 intelligamus
892 3411 1030 3496 eiusque
1040 3404 1135 3476 tem?

83 3531 274 3597 pora-cum
290 3522 393 3574 aetate
410 3510 596 3575 Ptolemaei
612 3509 659 3575 V.
674 3533 921 3597 comparemuS,
973 3511 1044 3581 vita
1058 3512 1128 3576 Ni-

85 3612 209 3676 candri
226 3610 316 3674 intra
331 3611 428 3676 initia
442 3611 538 3697 reg'ni
554 3610 666 3707 Attali
683 3613 710 3678 I.
731 3606 964 3689 circaannum
984 3637 1011 3678 e.
1031 3612 1068 3679 C.
1080 3614 1126 3680 N.
1179 3648 1182 3654 ·
1233 3624 1236 3632 '

83 3713 171 3781 242.
190 3725 222 3777 ct
235 3724 381 3776 mortem
397 3712 584 3778 Ptolemaei
597 3712 642 3779 V.
652 3711 742 3782 circa
760 3736 931 3782 annuma.
942 3713 977 3779 C.
987 3714 1032 3809 Ν
1045 3715 1127 3782 181.

78 3813 193 3898 igitur
216 3832 279 3900 per
306 3813 528 3879 interuallum
555 3838 725 3880 annorum
748 3815 791 3882 61
819 3817 948 3882 incerta
973 3815 1126 3888 iactatur,
1158 3883 1161 3891 ,

64 3914 182 3979 Μονε
198 3926 314 3979 autem
334 3914 443 3980 Attali
464 3917 488 3984 I.
515 3917 640 3982 incidit
661 3920 698 3982 in
721 3940 851 3985 annum
879 3944 906 3986 a.
922 3919 960 3985 C.
976 3921 1021 3984 N.
1043 3925 1126 4009 198.
1232 3942 1235 3947 “

76 4015 271 4082 Ptolemaei
286 4016 324 4080 in
343 4039 469 4084 annum
488 4017 569 4086 181.
620 4019 679 4086 Ab
700 4042 787 4087 anno
806 4021 916 4110 igitur
943 4031 1022 4109 198.
1037 4050 1064 4090 a.
1084 4027 1123 4096 C.
