2550 4726
68 1179 201 1345 Quod
223 1267 262 1330 in
285 1267 351 1333 hac
363 1280 558 1368 temporam
579 1269 757 1358 iniquitate
770 1293 902 1365 sperare
925 1294 1024 1337 ausus
1039 1296 1131 1342 non·
1178 1307 1181 1317 ·
1215 1341 1219 1350 ,

71 1379 171 1434 cram,
190 1353 327 1419 forent
347 1355 446 1420 vitius
467 1377 537 1441 ipse
559 1357 697 1420 tandem
719 1379 860 1440 nomen,
883 1358 1118 1427 antemnltos·
1193 1390 1196 1394 “
1244 1392 1246 1396 ·

74 1464 172 1503 annos
192 1438 339 1522 factum,
360 1440 450 1517 Tibi,
472 1440 539 1504 vir
561 1441 762 1523 doctissime,
782 1441 917 1528 publice
938 1443 1112 1529 persolue-

70 1547 146 1608 rem,
168 1524 204 1587 id
216 1545 314 1586 nuno
336 1523 468 1589 volente
485 1523 558 1588 Deo
580 1526 623 1588 ad
642 1525 903 1608 ingrauescentis
925 1525 1041 1594 aetatis
1055 1549 1108 1592 reu

67 1610 175 1692 quiem
190 1604 293 1693 atque
309 1606 567 1672 oblectationem
582 1608 708 1672 referre
745 1632 867 1675 ossum.
910 1610 1029 1693 Reddo
1039 1610 1109 1695 'igi-

12 1758 14 1763 ,
70 1705 119 1756 tur
127 1692 210 1755 Tibi
217 1698 351 1778 partem
364 1691 554 1781 fruetuum,
561 1715 644 1778 qum
657 1715 675 1755 e
688 1634 836 1781 reiiquiis
850 1693 1022 1758 litterariis
1030 1694 1107 1771 Stes

11 1780 14 1791 '
64 1778 164 1863 phaui
185 1775 350 1842 Bernardi
371 1799 469 1863 perca
493 1777 522 1861 i,
546 1801 627 1863 quas
657 1778 688 1840 T
691 1801 713 1841 u
733 1778 876 1842 feliciter
897 1778 938 1842 ab
963 1779 1105 1847 interitu
1180 1783 1183 1788 ’

10 1882 12 1913 ³
65 1862 247 1925 vindicatas
276 1861 362 1925 mihi
385 1801 522 1924 utendas
551 1862 717 1924 tradidisti
744 1863 962 1950 propriasque
985 1862 1104 1928 fecisti.

64 1945 167 2009 Erant
190 1947 226 2008 in
250 1945 304 2006 his
326 1946 514 2009 aduersaria
537 1946 659 2009 medici
681 1968 796 2031 graece
819 1947 1022 2029 doctissimi,
1065 1948 1103 2014 in
1132 1974 1133 1979 ¹

64 2053 143 2114 qiiae
158 2031 359 2094 >coniecerat
378 2030 597 2115 coniecturas,
619 2029 925 2107 animaduersiones
946 2042 1103 2116 atquae-
1174 2031 1175 2035 ’

65 2139 192 2200 cunque
216 2114 398 2198 collegerat
426 2115 497 2176 eius
518 2114 683 2178 industria
706 2117 747 2177 ad
770 2114 937 2180 Nicandri
965 2136 1101 2182 carmen

67 2210 244 2287 utrumque
270 2213 350 2261 curn
371 2198 569 2281 fragmentis
591 2197 769 2281 diligenter
789 2197 936 2282 undique
952 2198 1098 2262 collectis

68 2284 116 2343 rct
130 2283 379 2347 emendandum
395 2283 448 2345 vel
458 2280 722 2348 illustrandum:
744 2303 805 2347 nec
817 2283 958 2351 deerant
972 2281 1104 2349 indicae

68 2367 302 2431 accuratissimi
321 2378 354 2429 et
367 2367 582 2450 singulorum
604 2366 763 2432 carminis
784 2366 959 2463 Vtriusque
980 2365 1099 2433 rerbo‘
1192 2384 1196 2402 ¹

61 2475 134 2514 rum
150 2465 182 2515 et
197 2450 466 2596 scristorumsin
481 2451 622 2514 Scholiis
637 2451 761 2536 graecis
777 2451 924 2535 vulgatis
938 2452 1096 2517 nomina·

59 2547 179 2599 torma.
222 2536 267 2600 Li
279 2558 411 2600 >rorum
423 2535 629 2621 scriptorum
641 2535 796 2598 subsidiis
811 2531 914 2598 nullis
927 2558 1016 2622 vsus,
1037 2535 1096 2611 aed

57 2620 181 2705 ingenii
196 2620 354 2684 acumine
377 2621 523 2684 confisus
539 2631 654 2707 poetae
676 2621 776 2684 verba
786 2632 822 2683 et
836 2620 909 2684 loca
923 2617 1095 2685 vitiosissi·
1141 2655 1145 2662 ·

55 2726 109 2767 rna
124 2727 298 2791 aggressus
314 2715 396 2790 erat,
417 2723 449 2768 et
469 2705 568 2791 plura
594 2727 672 2766 sana
688 2704 830 2772 feliciter
843 2703 1093 2790 emcndauerat,

54 2791 163 2852 multa
175 2789 280 2852 ctiam
294 2789 439 2852 aliorum
456 2801 488 2851 ct
508 2799 685 2875 poetarum
700 2799 733 2851 ct
755 2789 962 2875 scriptorum
975 2788 1049 2853 loca
1073 2813 1092 2853 a

52 2869 197 2938 librariis
211 2885 372 2960 corrnlpta
394 2873 502 2937 obiter
523 2883 712 2935 tentaucrat
733 2873 786 2936 vel
800 2883 1009 2955 correxerat,
1052 2872 1111 2954 iu,

50 2960 178 3040 ciuibus,
197 2958 262 3022 viri
283 2957 543 3042 ingeniosissimi
564 2957 781 3040 sagacitatem
804 2955 965 3021 admirari
978 2956 1090 3021 debui]

51 3043 271 3108 Coniecturae
285 3043 422 3128 quidem
437 3053 537 3127 atque
550 3040 801 3117 emendationes
817 3039 1024 3105 Nicandreas
1039 3041 1089 3104 fe-
1174 3048 1178 3059 '

49 3149 81 3188 re
111 3150 247 3209 omnes,
269 3149 354 3211 qnae
376 3127 530 3188 videlicet
552 3125 593 3187 ad
615 3124 779 3188 'Phariaca
805 3123 1029 3208 pertinerent,
1049 3126 1087 3192 in

47 3212 140 3275 breui
156 3212 376 3275 annotatione
390 3209 534 3273 carmini
548 3208 696 3271 subiecta
715 3208 846 3273 auctori
862 3231 924 3273 suo
938 3209 1084 3273 reddidi:

46 3299 121 3359 aiios
138 3297 251 3381 tacui,
291 3295 348 3359 vbi
367 3294 535 3371 librorum
549 3293 861 3380 manuscriptorum
875 3292 975 3356 lectio
991 3315 1091 3380 prae·-

45 3378 180 3444 screnda
201 3402 273 3443 esse
292 3379 477 3443 videbatur.
539 3377 729 3463 Supersunt
749 3389 864 3441 tamen
909 3376 999 3440 lure-s
1019 3377 1087 3442 viri

47 3467 130 3531 docti
146 3464 363 3529 coniecturae
385 3475 418 3526 et
433 3463 681 3526 emendationes
696 3461 863 3525 Nicandri
876 3401 1082 3546 rilexiphar-

43 3552 142 3614 aiacis
158 3549 367 3634 adscriptae,
411 3547 532 3633 quibus
552 3547 691 3611 lectores
711 3545 822 3630 graeci
838 3545 1002 3610 sermonis
1017 3546 1083 3616 Ni÷

43 3636 224 3722 caridrique
246 3633 411 3697 studiosos
433 3630 631 3695 defraudare
650 3630 745 3695 nefas
766 3632 869 3693 duco:
910 3629 1023 3715 itaque
1044 3630 1081 3695 in

40 3719 97 3784 hac
112 3718 261 3808 epistola
282 3717 359 3780 'l‘ua
379 3739 458 3780 cum
480 3715 587 3798 venia,
624 3715 676 3779 vir
696 3713 905 3797 doctissime,
927 3715 1082 3779 collectas

36 3822 249 3893 proponam:
279 3801 399 3887 quibus
421 3801 606 3883 adiungam
626 3799 691 3861 alia
713 3797 922 3862 eThesanro
937 3796 1080 3862 Henrici

36 3888 198 3979 Stephani
213 3879 382 3972 decerpta,
406 3906 489 3970 qnae
506 3884 548 3947 ad
563 3883 766 3969 peculiarem
789 3882 853 3946 viri
866 3881 989 3965 egregii
1003 3882 1083 3943 lau-

36 3975 104 4040 dem
122 3970 314 4060 pertinent.
358 3971 390 4034 Is
406 3969 497 4033 cuim
512 3966 680 4032 Nicandri
695 3966 845 4031 carmina
858 3967 938 4049 duo,
956 3965 1076 4051 quibus

889 4166 910 4191 J
989 4165 992 4177 ‘
