<?xml version="1.0" encoding="UTF-8"?>
<!DOCTYPE html PUBLIC "-//W3C//DTD XHTML 1.0 Transitional//EN"
    "http://www.w3.org/TR/xhtml1/DTD/xhtml1-transitional.dtd">
<html xmlns="http://www.w3.org/1999/xhtml" xml:lang="en" lang="en">
 <head>
  <title>
</title>
<meta http-equiv="Content-Type" content="text/html;charset=utf-8" />
  <meta name='ocr-system' content='tesseract 3.04.00' />
  <meta name='ocr-capabilities' content='ocr_page ocr_carea ocr_par ocr_line ocrx_word'/>
</head>
<body>
  <div class='ocr_page' id='page_1' title='image "./nicandricolopho00nicagoog/nicandricolopho00nicagoog_0448.png"; bbox 0 0 2550 4726; ppageno 0'>
   <div class='ocr_carea' id='block_1_1' title="bbox 459 108 1141 194">
    <p class='ocr_par' dir='ltr' id='par_1_1' title="bbox 459 108 1141 194">
     <span class='ocr_line' id='line_1_1' title="bbox 459 108 1141 194; baseline 0.009 -27"><span class='ocrx_word' id='word_1_1' title='bbox 459 108 605 171; x_wconf 58' lang='lat' dir='ltr'><strong>strasro</strong></span> <span class='ocrx_word' id='word_1_2' title='bbox 626 111 785 173; x_wconf 67' lang='lat' dir='ltr'><strong>narras.</strong></span> <span class='ocrx_word' id='word_1_3' title='bbox 1080 114 1141 194; x_wconf 75' lang='lat'><strong>389</strong></span> 
     </span>
    </p>
   </div>
   <div class='ocr_carea' id='block_1_2' title="bbox 48 252 1136 359">
    <p class='ocr_par' dir='ltr' id='par_1_2' title="bbox 48 252 1136 359">
     <span class='ocr_line' id='line_1_2' title="bbox 48 252 1136 359; baseline 0.009 -31"><span class='ocrx_word' id='word_1_4' title='bbox 48 252 58 303; x_wconf 52' lang='lat'><strong>⁸·</strong></span> <span class='ocrx_word' id='word_1_5' title='bbox 82 270 208 329; x_wconf 83' lang='lat' dir='ltr'><strong>malos:</strong></span> <span class='ocrx_word' id='word_1_6' title='bbox 253 275 355 333; x_wconf 90' lang='lat' dir='ltr'><strong>omnia</strong></span> <span class='ocrx_word' id='word_1_7' title='bbox 382 277 415 335; x_wconf 89' lang='lat' dir='ltr'><strong>in</strong></span> <span class='ocrx_word' id='word_1_8' title='bbox 443 280 590 341; x_wconf 85' lang='lat' dir='ltr'><strong>mortario</strong></span> <span class='ocrx_word' id='word_1_9' title='bbox 612 289 678 340; x_wconf 88' lang='lat' dir='ltr'><strong>tere</strong></span> <span class='ocrx_word' id='word_1_10' title='bbox 709 289 739 339; x_wconf 89' lang='lat' dir='ltr'><strong>ot</strong></span> <span class='ocrx_word' id='word_1_11' title='bbox 765 281 800 338; x_wconf 81' lang='lat' dir='ltr'><strong>in</strong></span> <span class='ocrx_word' id='word_1_12' title='bbox 821 298 891 340; x_wconf 81' lang='lat' dir='ltr'><strong>vase</strong></span> <span class='ocrx_word' id='word_1_13' title='bbox 919 276 1023 359; x_wconf 80' lang='lat' dir='ltr'>capaci</span> <span class='ocrx_word' id='word_1_14' title='bbox 1042 277 1136 341; x_wconf 85' lang='lat' dir='ltr'><strong>misce</strong></span> 
     </span>
    </p>
   </div>
   <div class='ocr_carea' id='block_1_3' title="bbox 82 390 1130 628">
    <p class='ocr_par' dir='ltr' id='par_1_3' title="bbox 82 390 1130 628">
     <span class='ocr_line' id='line_1_3' title="bbox 82 390 623 519; baseline 0.018 -72"><span class='ocrx_word' id='word_1_15' title='bbox 82 407 159 449; x_wconf 84' lang='lat' dir='ltr'><strong>eum</strong></span> <span class='ocrx_word' id='word_1_16' title='bbox 180 390 248 475; x_wconf 79' lang='lat' dir='ltr'><strong>vini</strong></span> <span class='ocrx_word' id='word_1_17' title='bbox 269 392 384 519; x_wconf 50' lang='lat' dir='ltr'><strong>de&#39;cima</strong></span> <span class='ocrx_word' id='word_1_18' title='bbox 408 397 509 476; x_wconf 82' lang='lat' dir='ltr'><strong>congii</strong></span> <span class='ocrx_word' id='word_1_19' title='bbox 528 408 623 476; x_wconf 85' lang='lat' dir='ltr'><strong>parte.</strong></span> 
     </span>
     <span class='ocr_line' id='line_1_4' title="bbox 172 540 1130 628; baseline 0.01 -30"><span class='ocrx_word' id='word_1_20' title='bbox 172 540 455 606; x_wconf 57' lang='lat' dir='ltr'><strong>Veromo—624.</strong></span> <span class='ocrx_word' id='word_1_21' title='bbox 485 548 648 609; x_wconf 78' lang='lat' dir='ltr'><strong>Modontnr</strong></span> <span class='ocrx_word' id='word_1_22' title='bbox 679 549 793 628; x_wconf 87' lang='lat' dir='ltr'><strong>optime</strong></span> <span class='ocrx_word' id='word_1_23' title='bbox 819 567 911 609; x_wconf 86' lang='lat' dir='ltr'><strong>ranae</strong></span> <span class='ocrx_word' id='word_1_24' title='bbox 946 567 1016 609; x_wconf 87' lang='lat' dir='ltr'><strong>oum</strong></span> <span class='ocrx_word' id='word_1_25' title='bbox 1047 554 1130 610; x_wconf 78' lang='lat' dir='ltr'><strong>aceto</strong></span> 
     </span>
    </p>
   </div>
   <div class='ocr_carea' id='block_1_4' title="bbox 82 653 1130 732">
    <p class='ocr_par' dir='ltr' id='par_1_4' title="bbox 82 653 1130 732">
     <span class='ocr_line' id='line_1_5' title="bbox 82 653 1130 732; baseline 0.015 -22"><span class='ocrx_word' id='word_1_26' title='bbox 82 653 236 732; x_wconf 83' lang='lat' dir='ltr'><strong>decoctae,</strong></span> <span class='ocrx_word' id='word_1_27' title='bbox 259 672 312 720; x_wconf 84' lang='lat' dir='ltr'><strong>aut</strong></span> <span class='ocrx_word' id='word_1_28' title='bbox 341 662 425 724; x_wconf 79' lang='lat' dir='ltr'><strong>iocur</strong></span> <span class='ocrx_word' id='word_1_29' title='bbox 446 684 549 725; x_wconf 81' lang='lat' dir='ltr'><strong>earnm</strong></span> <span class='ocrx_word' id='word_1_30' title='bbox 571 688 641 726; x_wconf 87' lang='lat' dir='ltr'><strong>cum</strong></span> <span class='ocrx_word' id='word_1_31' title='bbox 662 669 750 726; x_wconf 87' lang='lat' dir='ltr'><strong>vino:</strong></span> <span class='ocrx_word' id='word_1_32' title='bbox 785 668 876 728; x_wconf 84' lang='lat' dir='ltr'><strong>etiam</strong></span> <span class='ocrx_word' id='word_1_33' title='bbox 898 664 1013 724; x_wconf 86' lang='lat' dir='ltr'><strong>bestiae</strong></span> <span class='ocrx_word' id='word_1_34' title='bbox 1036 686 1130 726; x_wconf 84' lang='lat' dir='ltr'><strong>vene-</strong></span> 
     </span>
    </p>
   </div>
   <div class='ocr_carea' id='block_1_5' title="bbox 72 760 1178 864">
    <p class='ocr_par' dir='ltr' id='par_1_5' title="bbox 72 760 1178 864">
     <span class='ocr_line' id='line_1_6' title="bbox 72 760 1178 864; baseline 0.014 -34"><span class='ocrx_word' id='word_1_35' title='bbox 72 782 184 847; x_wconf 79' lang='lat' dir='ltr'><strong>natae,</strong></span> <span class='ocrx_word' id='word_1_36' title='bbox 207 760 294 854; x_wconf 70' lang='lat' dir='ltr'><strong>qu&#39;ao</strong></span> <span class='ocrx_word' id='word_1_37' title='bbox 304 780 489 854; x_wconf 73' lang='lat' dir='ltr'><strong>uulnerauit,</strong></span> <span class='ocrx_word' id='word_1_38' title='bbox 519 795 610 862; x_wconf 87' lang='lat' dir='ltr'><strong>caput</strong></span> <span class='ocrx_word' id='word_1_39' title='bbox 630 804 700 843; x_wconf 88' lang='lat' dir='ltr'><strong>cum</strong></span> <span class='ocrx_word' id='word_1_40' title='bbox 723 805 802 862; x_wconf 88' lang='lat' dir='ltr'><strong>aqua</strong></span> <span class='ocrx_word' id='word_1_41' title='bbox 823 794 877 842; x_wconf 84' lang='lat' dir='ltr'><strong>aut</strong></span> <span class='ocrx_word' id='word_1_42' title='bbox 896 784 970 843; x_wconf 89' lang='lat' dir='ltr'><strong>vino</strong></span> <span class='ocrx_word' id='word_1_43' title='bbox 990 793 1108 864; x_wconf 86' lang='lat' dir='ltr'><strong>potum.</strong></span> <span class='ocrx_word' id='word_1_44' title='bbox 1174 786 1178 811; x_wconf 83' lang='lat'>&#39;</span> 
     </span>
    </p>
   </div>
   <div class='ocr_carea' id='block_1_6' title="bbox 13 919 1185 2171">
    <p class='ocr_par' dir='ltr' id='par_1_6' title="bbox 13 919 1185 2171">
     <span class='ocr_line' id='line_1_7' title="bbox 170 919 1127 1022; baseline 0.009 -30"><span class='ocrx_word' id='word_1_45' title='bbox 170 933 323 999; x_wconf 84' lang='lat' dir='ltr'><strong>Vers.625</strong></span> <span class='ocrx_word' id='word_1_46' title='bbox 333 939 455 1022; x_wconf 79' lang='lat'><strong>-629.</strong></span> <span class='ocrx_word' id='word_1_47' title='bbox 476 942 597 1003; x_wconf 83' lang='lat' dir='ltr'>Adhibe</span> <span class='ocrx_word' id='word_1_48' title='bbox 614 944 704 1002; x_wconf 82' lang='lat' dir='ltr'><strong>etiam</strong></span> <span class='ocrx_word' id='word_1_49' title='bbox 715 919 999 1020; x_wconf 80' lang='lat' dir='ltr'><strong>hclichr·ysiiiorem</strong></span> <span class='ocrx_word' id='word_1_50' title='bbox 1013 951 1044 999; x_wconf 91' lang='lat' dir='ltr'><strong>et</strong></span> <span class='ocrx_word' id='word_1_51' title='bbox 1056 962 1127 1001; x_wconf 90' lang='lat' dir='ltr'><strong>cor·</strong></span> 
     </span>
     <span class='ocr_line' id='line_1_8' title="bbox 75 1049 1185 1139; baseline 0.003 -28.878"><span class='ocrx_word' id='word_1_52' title='bbox 75 1049 223 1127; x_wconf 30' lang='lat' dir='ltr'><strong>&#39;chorum</strong></span> <span class='ocrx_word' id='word_1_53' title='bbox 245 1054 322 1114; x_wconf 89' lang='lat' dir='ltr'><strong>flore</strong></span> <span class='ocrx_word' id='word_1_54' title='bbox 336 1059 435 1118; x_wconf 87' lang='lat' dir='ltr'><strong>adhuc</strong></span> <span class='ocrx_word' id='word_1_55' title='bbox 458 1061 568 1135; x_wconf 81' lang='lat' dir='ltr'><strong>clauso,</strong></span> <span class='ocrx_word' id='word_1_56' title='bbox 585 1069 616 1118; x_wconf 88' lang='lat' dir='ltr'><strong>et</strong></span> <span class='ocrx_word' id='word_1_57' title='bbox 637 1053 774 1117; x_wconf 80' lang='lat' dir='ltr'><strong>cunilam</strong></span> <span class='ocrx_word' id='word_1_58' title='bbox 793 1060 983 1139; x_wconf 85' lang='lat' dir='ltr'><strong>panaetion,</strong></span> <span class='ocrx_word' id='word_1_59' title='bbox 1033 1077 1126 1136; x_wconf 86' lang='lat' dir='ltr'><strong>quam</strong></span> <span class='ocrx_word' id='word_1_60' title='bbox 1173 1076 1185 1113; x_wconf 62' lang='lat' dir='ltr'><strong>a</strong></span> 
     </span>
     <span class='ocr_line' id='line_1_9' title="bbox 80 1160 1136 1256; baseline 0.005 -28"><span class='ocrx_word' id='word_1_61' title='bbox 80 1166 259 1233; x_wconf 80' lang='lat' dir='ltr'>Heracleam</span> <span class='ocrx_word' id='word_1_62' title='bbox 281 1174 336 1232; x_wconf 86' lang='lat' dir='ltr'><strong>alii</strong></span> <span class='ocrx_word' id='word_1_63' title='bbox 356 1185 387 1233; x_wconf 86' lang='lat' dir='ltr'><strong>et</strong></span> <span class='ocrx_word' id='word_1_64' title='bbox 409 1179 568 1256; x_wconf 82' lang='lat' dir='ltr'><strong>origanum</strong></span> <span class='ocrx_word' id='word_1_65' title='bbox 590 1185 708 1245; x_wconf 78' lang='lat' dir='ltr'><strong>vocant,</strong></span> <span class='ocrx_word' id='word_1_66' title='bbox 731 1172 801 1235; x_wconf 79' lang='lat' dir='ltr'><strong>cbm</strong></span> <span class='ocrx_word' id='word_1_67' title='bbox 824 1174 949 1255; x_wconf 84' lang='lat' dir='ltr'><strong>origano</strong></span> <span class='ocrx_word' id='word_1_68' title='bbox 973 1174 1050 1235; x_wconf 83' lang='lat' dir='ltr'><strong>oniti</strong></span> <span class='ocrx_word' id='word_1_69' title='bbox 1063 1160 1136 1233; x_wconf 45' lang='lat' dir='ltr'><strong>sic-¹</strong></span> 
     </span>
     <span class='ocr_line' id='line_1_10' title="bbox 13 1287 1123 1374; baseline 0.003 -27"><span class='ocrx_word' id='word_1_70' title='bbox 13 1340 26 1349; x_wconf 88' lang='lat'><strong>..</strong></span> <span class='ocrx_word' id='word_1_71' title='bbox 79 1287 183 1366; x_wconf 88' lang='lat' dir='ltr'><strong>cisque</strong></span> <span class='ocrx_word' id='word_1_72' title='bbox 205 1289 367 1369; x_wconf 84' lang='lat' dir='ltr'><strong>thymbrae</strong></span> <span class='ocrx_word' id='word_1_73' title='bbox 381 1294 532 1374; x_wconf 86' lang='lat' dir='ltr'><strong>capitulis,</strong></span> <span class='ocrx_word' id='word_1_74' title='bbox 554 1315 632 1374; x_wconf 90' lang='lat' dir='ltr'><strong>quae</strong></span> <span class='ocrx_word' id='word_1_75' title='bbox 648 1293 742 1353; x_wconf 86' lang='lat' dir='ltr'><strong>simul</strong></span> <span class='ocrx_word' id='word_1_76' title='bbox 763 1294 837 1352; x_wconf 87' lang='lat' dir='ltr'><strong>trita</strong></span> <span class='ocrx_word' id='word_1_77' title='bbox 857 1311 976 1352; x_wconf 75' lang='lat' dir='ltr'><strong>veneno</strong></span> <span class='ocrx_word' id='word_1_78' title='bbox 996 1293 1123 1352; x_wconf 87' lang='lat' dir='ltr'><strong>meden-</strong></span> 
     </span>
     <span class='ocr_line' id='line_1_11' title="bbox 66 1378 512 1467; baseline 0.002 0"><span class='ocrx_word' id='word_1_79' title='bbox 66 1413 138 1467; x_wconf 64' lang='lat' dir='ltr'><strong>xtur.</strong></span> <span class='ocrx_word' id='word_1_80' title='bbox 510 1378 512 1383; x_wconf 21' lang='grc' dir='ltr'>Ι</span> 
     </span>
     <span class='ocr_line' id='line_1_12' title="bbox 116 1516 1120 1607; baseline -0.001 -21"><span class='ocrx_word' id='word_1_81' title='bbox 116 1516 119 1524; x_wconf 45' lang='lat'><em>⁴</em></span> <span class='ocrx_word' id='word_1_82' title='bbox 163 1527 364 1587; x_wconf 72' lang='lat' dir='ltr'><strong>versato-</strong></span> <span class='ocrx_word' id='word_1_83' title='bbox 375 1528 447 1591; x_wconf 78' lang='lat'><strong>635.</strong></span> <span class='ocrx_word' id='word_1_84' title='bbox 467 1530 598 1589; x_wconf 80' lang='lat' dir='ltr'>Accedat</span> <span class='ocrx_word' id='word_1_85' title='bbox 609 1530 756 1590; x_wconf 85' lang='lat' dir='ltr'><strong>rhamnus</strong></span> <span class='ocrx_word' id='word_1_86' title='bbox 769 1530 896 1598; x_wconf 86' lang='lat' dir='ltr'><strong>roscida,</strong></span> <span class='ocrx_word' id='word_1_87' title='bbox 916 1548 1014 1607; x_wconf 86' lang='lat' dir='ltr'><strong>paruo</strong></span> <span class='ocrx_word' id='word_1_88' title='bbox 1025 1547 1120 1607; x_wconf 84' lang='lat' dir='ltr'><strong>papa·</strong></span> 
     </span>
     <span class='ocr_line' id='line_1_13' title="bbox 79 1641 1121 1727; baseline 0.005 -29"><span class='ocrx_word' id='word_1_89' title='bbox 79 1643 145 1702; x_wconf 85' lang='lat' dir='ltr'><strong>reri</strong></span> <span class='ocrx_word' id='word_1_90' title='bbox 167 1660 234 1721; x_wconf 84' lang='lat' dir='ltr'><strong>par,</strong></span> <span class='ocrx_word' id='word_1_91' title='bbox 256 1643 333 1705; x_wconf 89' lang='lat' dir='ltr'><strong>flore</strong></span> <span class='ocrx_word' id='word_1_92' title='bbox 360 1648 432 1706; x_wconf 86' lang='lat' dir='ltr'><strong>albo</strong></span> <span class='ocrx_word' id='word_1_93' title='bbox 453 1648 580 1717; x_wconf 83' lang='lat' dir='ltr'><strong>vestita,</strong></span> <span class='ocrx_word' id='word_1_94' title='bbox 613 1668 704 1725; x_wconf 85' lang='lat' dir='ltr'><strong>quam</strong></span> <span class='ocrx_word' id='word_1_95' title='bbox 730 1642 919 1725; x_wconf 83' lang='lat' dir='ltr'><strong>philetairon</strong></span> <span class='ocrx_word' id='word_1_96' title='bbox 947 1641 1121 1727; x_wconf 83' lang='lat' dir='ltr'><strong>(bominum</strong></span> 
     </span>
     <span class='ocr_line' id='line_1_14' title="bbox 35 1761 1117 1842; baseline 0.002 -24"><span class='ocrx_word' id='word_1_97' title='bbox 35 1824 39 1829; x_wconf 62' lang='grc'><strong>,</strong></span> <span class='ocrx_word' id='word_1_98' title='bbox 80 1768 108 1814; x_wconf 79' lang='lat' dir='ltr'><strong>et</strong></span> <span class='ocrx_word' id='word_1_99' title='bbox 128 1764 299 1821; x_wconf 81' lang='lat' dir='ltr'><strong>amicorum</strong></span> <span class='ocrx_word' id='word_1_100' title='bbox 320 1768 482 1836; x_wconf 84' lang='lat' dir='ltr'><strong>amantem)</strong></span> <span class='ocrx_word' id='word_1_101' title='bbox 518 1771 630 1824; x_wconf 84' lang='lat' dir='ltr'><strong>vocant</strong></span> <span class='ocrx_word' id='word_1_102' title='bbox 658 1764 746 1842; x_wconf 82' lang='lat' dir='ltr'><strong>Lydi,</strong></span> <span class='ocrx_word' id='word_1_103' title='bbox 779 1761 833 1841; x_wconf 89' lang='lat' dir='ltr'><strong>qui</strong></span> <span class='ocrx_word' id='word_1_104' title='bbox 853 1763 943 1820; x_wconf 86' lang='lat' dir='ltr'><strong>iuxta</strong></span> <span class='ocrx_word' id='word_1_105' title='bbox 970 1761 1117 1820; x_wconf 86' lang='lat' dir='ltr'><strong>Tmolum</strong></span> 
     </span>
     <span class='ocr_line' id='line_1_15' title="bbox 19 1875 1116 1962; baseline 0.005 -29"><span class='ocrx_word' id='word_1_106' title='bbox 19 1944 26 1955; x_wconf 41' lang='grc'>1</span> <span class='ocrx_word' id='word_1_107' title='bbox 77 1875 231 1957; x_wconf 84' lang='lat' dir='ltr'><strong>Gygisque</strong></span> <span class='ocrx_word' id='word_1_108' title='bbox 254 1890 488 1942; x_wconf 84' lang='lat' dir='ltr'><strong>monumentum</strong></span> <span class='ocrx_word' id='word_1_109' title='bbox 509 1882 708 1941; x_wconf 80' lang='lat' dir='ltr'><strong>Parthenium</strong></span> <span class='ocrx_word' id='word_1_110' title='bbox 736 1879 983 1962; x_wconf 84' lang='lat' dir='ltr'><strong>promontorium</strong></span> <span class='ocrx_word' id='word_1_111' title='bbox 1001 1879 1116 1954; x_wconf 84' lang='lat' dir='ltr'><strong>colunt,</strong></span> 
     </span>
     <span class='ocr_line' id='line_1_16' title="bbox 14 1991 1156 2080; baseline 0.004 -30"><span class='ocrx_word' id='word_1_112' title='bbox 14 2002 52 2075; x_wconf 50' lang='grc' dir='ltr'><strong>ζ’</strong></span> <span class='ocrx_word' id='word_1_113' title='bbox 74 1991 125 2051; x_wconf 80' lang='lat' dir='ltr'><strong>vbi</strong></span> <span class='ocrx_word' id='word_1_114' title='bbox 147 1996 183 2053; x_wconf 90' lang='lat' dir='ltr'><strong>in</strong></span> <span class='ocrx_word' id='word_1_115' title='bbox 205 1993 285 2057; x_wconf 86' lang='lat' dir='ltr'><strong>Cilbi</strong></span> <span class='ocrx_word' id='word_1_116' title='bbox 307 2009 473 2079; x_wconf 87' lang='lat' dir='ltr'><strong>pascuntur</strong></span> <span class='ocrx_word' id='word_1_117' title='bbox 496 2001 568 2079; x_wconf 86' lang='lat' dir='ltr'><strong>equi</strong></span> <span class='ocrx_word' id='word_1_118' title='bbox 595 1998 686 2062; x_wconf 89' lang='lat' dir='ltr'><strong>liberi</strong></span> <span class='ocrx_word' id='word_1_119' title='bbox 706 2007 737 2059; x_wconf 89' lang='lat' dir='ltr'><strong>et</strong></span> <span class='ocrx_word' id='word_1_120' title='bbox 758 1999 885 2080; x_wconf 78' lang='lat' dir='ltr'><strong>Cayster</strong></span> <span class='ocrx_word' id='word_1_121' title='bbox 908 1995 1025 2075; x_wconf 86' lang='lat' dir='ltr'><strong>fluuius</strong></span> <span class='ocrx_word' id='word_1_122' title='bbox 1047 1995 1114 2056; x_wconf 79' lang='lat' dir='ltr'><strong>ori·</strong></span> <span class='ocrx_word' id='word_1_123' title='bbox 1153 1998 1156 2005; x_wconf 83' lang='lat'>&#39;</span> 
     </span>
     <span class='ocr_line' id='line_1_17' title="bbox 73 2121 134 2171; baseline 0.033 -4"><span class='ocrx_word' id='word_1_124' title='bbox 73 2121 134 2171; x_wconf 87' lang='lat' dir='ltr'><strong>tur.</strong></span> 
     </span>
    </p>
   </div>
   <div class='ocr_carea' id='block_1_7' title="bbox 57 2273 1173 3647">
    <p class='ocr_par' dir='ltr' id='par_1_7' title="bbox 57 2273 1173 3647">
     <span class='ocr_line' id='line_1_18' title="bbox 156 2273 1113 2352; baseline 0.001 -20"><span class='ocrx_word' id='word_1_125' title='bbox 156 2273 438 2337; x_wconf 70' lang='lat' dir='ltr'><strong>versata-655.</strong></span> <span class='ocrx_word' id='word_1_126' title='bbox 460 2281 551 2340; x_wconf 89' lang='lat' dir='ltr'><strong>Nunc</strong></span> <span class='ocrx_word' id='word_1_127' title='bbox 571 2279 687 2338; x_wconf 84' lang='lat' dir='ltr'><strong>radices</strong></span> <span class='ocrx_word' id='word_1_128' title='bbox 710 2277 770 2338; x_wconf 87' lang='lat' dir='ltr'><strong>tibi</strong></span> <span class='ocrx_word' id='word_1_129' title='bbox 789 2276 982 2352; x_wconf 79' lang='lat' dir='ltr'><strong>serpentibus</strong></span> <span class='ocrx_word' id='word_1_130' title='bbox 1003 2274 1113 2334; x_wconf 85' lang='lat' dir='ltr'><strong>aduer-</strong></span> 
     </span>
     <span class='ocr_line' id='line_1_19' title="bbox 68 2374 1172 2476; baseline -0.001 -30"><span class='ocrx_word' id='word_1_131' title='bbox 68 2374 124 2447; x_wconf 29' lang='lat' dir='ltr'><strong>sas·</strong></span> <span class='ocrx_word' id='word_1_132' title='bbox 137 2396 295 2460; x_wconf 76' lang='lat' dir='ltr'><strong>enarrabo.</strong></span> <span class='ocrx_word' id='word_1_133' title='bbox 337 2394 476 2455; x_wconf 90' lang='lat' dir='ltr'><strong>Primum</strong></span> <span class='ocrx_word' id='word_1_134' title='bbox 496 2398 619 2476; x_wconf 89' lang='lat' dir='ltr'><strong>quidem</strong></span> <span class='ocrx_word' id='word_1_135' title='bbox 639 2379 702 2456; x_wconf 67' lang='lat' dir='ltr'><strong>aluo</strong></span> <span class='ocrx_word' id='word_1_136' title='bbox 726 2394 806 2455; x_wconf 89' lang='lat' dir='ltr'><strong>echii</strong></span> <span class='ocrx_word' id='word_1_137' title='bbox 826 2410 948 2471; x_wconf 58' lang='lat' dir='ltr'><strong>genera„</strong></span> <span class='ocrx_word' id='word_1_138' title='bbox 978 2406 1113 2470; x_wconf 89' lang='lat' dir='ltr'><strong>quorum</strong></span> <span class='ocrx_word' id='word_1_139' title='bbox 1169 2422 1172 2433; x_wconf 85' lang='lat'><strong>·</strong></span> 
     </span>
     <span class='ocr_line' id='line_1_20' title="bbox 68 2507 1111 2591; baseline -0.002 -29"><span class='ocrx_word' id='word_1_140' title='bbox 68 2507 202 2566; x_wconf 88' lang='lat' dir='ltr'><strong>alterum</strong></span> <span class='ocrx_word' id='word_1_141' title='bbox 224 2510 298 2570; x_wconf 87' lang='lat' dir='ltr'><strong>solia</strong></span> <span class='ocrx_word' id='word_1_142' title='bbox 320 2515 472 2573; x_wconf 83' lang='lat' dir='ltr'><strong>anchusae</strong></span> <span class='ocrx_word' id='word_1_143' title='bbox 494 2515 606 2574; x_wconf 87' lang='lat' dir='ltr'><strong>similia</strong></span> <span class='ocrx_word' id='word_1_144' title='bbox 625 2525 655 2573; x_wconf 88' lang='lat' dir='ltr'><strong>ot</strong></span> <span class='ocrx_word' id='word_1_145' title='bbox 669 2513 799 2591; x_wconf 84' lang='lat' dir='ltr'><strong>spinosa,</strong></span> <span class='ocrx_word' id='word_1_146' title='bbox 820 2508 872 2568; x_wconf 88' lang='lat' dir='ltr'><strong>sed</strong></span> <span class='ocrx_word' id='word_1_147' title='bbox 894 2526 989 2586; x_wconf 88' lang='lat' dir='ltr'><strong>pauca</strong></span> <span class='ocrx_word' id='word_1_148' title='bbox 1010 2513 1040 2562; x_wconf 86' lang='lat' dir='ltr'><strong>et</strong></span> <span class='ocrx_word' id='word_1_149' title='bbox 1054 2522 1111 2561; x_wconf 81' lang='lat' dir='ltr'><strong>ex-</strong></span> 
     </span>
     <span class='ocr_line' id='line_1_21' title="bbox 62 2622 1112 2705; baseline -0.007 -22"><span class='ocrx_word' id='word_1_150' title='bbox 62 2624 138 2702; x_wconf 84' lang='lat' dir='ltr'><strong>igua</strong></span> <span class='ocrx_word' id='word_1_151' title='bbox 159 2626 260 2705; x_wconf 87' lang='lat' dir='ltr'><strong>habet,</strong></span> <span class='ocrx_word' id='word_1_152' title='bbox 280 2629 413 2691; x_wconf 86' lang='lat' dir='ltr'><strong>radicem</strong></span> <span class='ocrx_word' id='word_1_153' title='bbox 438 2641 542 2689; x_wconf 87' lang='lat' dir='ltr'><strong>autem</strong></span> <span class='ocrx_word' id='word_1_154' title='bbox 562 2630 596 2689; x_wconf 89' lang='lat' dir='ltr'><strong>in</strong></span> <span class='ocrx_word' id='word_1_155' title='bbox 614 2640 733 2688; x_wconf 87' lang='lat' dir='ltr'><strong>terram</strong></span> <span class='ocrx_word' id='word_1_156' title='bbox 753 2636 943 2704; x_wconf 87' lang='lat' dir='ltr'><strong>protensam:</strong></span> <span class='ocrx_word' id='word_1_157' title='bbox 978 2622 1112 2680; x_wconf 86' lang='lat' dir='ltr'><strong>alterum</strong></span> 
     </span>
     <span class='ocr_line' id='line_1_22' title="bbox 63 2741 1111 2827; baseline -0.008 -26"><span class='ocrx_word' id='word_1_158' title='bbox 63 2743 151 2802; x_wconf 80' lang='lat' dir='ltr'><strong>soliis</strong></span> <span class='ocrx_word' id='word_1_159' title='bbox 164 2755 204 2803; x_wconf 62' lang='lat' dir='ltr'><strong>‘et</strong></span> <span class='ocrx_word' id='word_1_160' title='bbox 225 2748 362 2806; x_wconf 87' lang='lat' dir='ltr'><strong>caulibus</strong></span> <span class='ocrx_word' id='word_1_161' title='bbox 380 2747 560 2827; x_wconf 84' lang='lat' dir='ltr'><strong>[calycibus]</strong></span> <span class='ocrx_word' id='word_1_162' title='bbox 583 2749 693 2806; x_wconf 86' lang='lat' dir='ltr'><strong>laetius</strong></span> <span class='ocrx_word' id='word_1_163' title='bbox 702 2754 734 2803; x_wconf 92' lang='lat' dir='ltr'><strong>et</strong></span> <span class='ocrx_word' id='word_1_164' title='bbox 749 2743 839 2802; x_wconf 84' lang='lat' dir='ltr'><strong>altius</strong></span> <span class='ocrx_word' id='word_1_165' title='bbox 855 2741 964 2802; x_wconf 86' lang='lat' dir='ltr'><strong>ssorom</strong></span> <span class='ocrx_word' id='word_1_166' title='bbox 977 2756 1111 2815; x_wconf 88' lang='lat' dir='ltr'><strong>paruum</strong></span> 
     </span>
     <span class='ocr_line' id='line_1_23' title="bbox 64 2855 1107 2944; baseline -0.005 -26"><span class='ocrx_word' id='word_1_167' title='bbox 64 2882 262 2940; x_wconf 85' lang='lat' dir='ltr'><strong>purpureum</strong></span> <span class='ocrx_word' id='word_1_168' title='bbox 278 2863 365 2944; x_wconf 78' lang='lat' dir='ltr'><strong>gerit,</strong></span> <span class='ocrx_word' id='word_1_169' title='bbox 387 2865 523 2924; x_wconf 87' lang='lat' dir='ltr'><strong>fructum</strong></span> <span class='ocrx_word' id='word_1_170' title='bbox 538 2885 616 2926; x_wconf 84' lang='lat' dir='ltr'><strong>vero</strong></span> <span class='ocrx_word' id='word_1_171' title='bbox 628 2864 730 2924; x_wconf 88' lang='lat' dir='ltr'><strong>echios</strong></span> <span class='ocrx_word' id='word_1_172' title='bbox 743 2859 836 2940; x_wconf 85' lang='lat' dir='ltr'><strong>capiti</strong></span> <span class='ocrx_word' id='word_1_173' title='bbox 849 2857 999 2920; x_wconf 81' lang='lat' dir='ltr'><strong>similem:</strong></span> <span class='ocrx_word' id='word_1_174' title='bbox 1028 2855 1107 2914; x_wconf 83' lang='lat' dir='ltr'><strong>vtri-</strong></span> 
     </span>
     <span class='ocr_line' id='line_1_24' title="bbox 62 2971 1109 3061; baseline -0.005 -28"><span class='ocrx_word' id='word_1_175' title='bbox 62 2998 162 3056; x_wconf 81' lang='lat' dir='ltr'><strong>usque</strong></span> <span class='ocrx_word' id='word_1_176' title='bbox 184 2971 355 3057; x_wconf 82' lang='lat' dir='ltr'><strong>portionem</strong></span> <span class='ocrx_word' id='word_1_177' title='bbox 378 2985 535 3061; x_wconf 86' lang='lat' dir='ltr'><strong>aequalem</strong></span> <span class='ocrx_word' id='word_1_178' title='bbox 554 2984 588 3040; x_wconf 89' lang='lat' dir='ltr'><strong>iu</strong></span> <span class='ocrx_word' id='word_1_179' title='bbox 609 2979 756 3040; x_wconf 87' lang='lat' dir='ltr'><strong>mortario</strong></span> <span class='ocrx_word' id='word_1_180' title='bbox 778 2988 876 3037; x_wconf 85' lang='lat' dir='ltr'><strong>tusam</strong></span> <span class='ocrx_word' id='word_1_181' title='bbox 897 2973 1007 3054; x_wconf 54' lang='lat' dir='ltr'><strong>accipe,</strong></span> <span class='ocrx_word' id='word_1_182' title='bbox 1030 2972 1109 3031; x_wconf 88' lang='lat' dir='ltr'><strong>ltem</strong></span> 
     </span>
     <span class='ocr_line' id='line_1_25' title="bbox 63 3088 1109 3181; baseline -0.011 -25"><span class='ocrx_word' id='word_1_183' title='bbox 63 3099 189 3176; x_wconf 82' lang='lat' dir='ltr'><strong>eryngii</strong></span> <span class='ocrx_word' id='word_1_184' title='bbox 209 3109 240 3157; x_wconf 90' lang='lat' dir='ltr'><strong>et</strong></span> <span class='ocrx_word' id='word_1_185' title='bbox 263 3099 384 3158; x_wconf 87' lang='lat' dir='ltr'><strong>acanthi</strong></span> <span class='ocrx_word' id='word_1_186' title='bbox 403 3101 556 3181; x_wconf 59' lang='lat' dir='ltr'><strong>(spiam)</strong></span> <span class='ocrx_word' id='word_1_187' title='bbox 570 3100 703 3159; x_wconf 81' lang='lat' dir='ltr'><strong>radicem</strong></span> <span class='ocrx_word' id='word_1_188' title='bbox 715 3099 834 3177; x_wconf 87' lang='lat' dir='ltr'><strong>aequali</strong></span> <span class='ocrx_word' id='word_1_189' title='bbox 850 3093 992 3177; x_wconf 86' lang='lat' dir='ltr'><strong>portione</strong></span> <span class='ocrx_word' id='word_1_190' title='bbox 1007 3088 1109 3148; x_wconf 83' lang='lat' dir='ltr'><strong>laeui·</strong></span> 
     </span>
     <span class='ocr_line' id='line_1_26' title="bbox 61 3203 1107 3293; baseline -0.011 -21"><span class='ocrx_word' id='word_1_191' title='bbox 61 3222 168 3293; x_wconf 77' lang='lat' dir='ltr'><strong>gatanr</strong></span> <span class='ocrx_word' id='word_1_192' title='bbox 185 3236 256 3274; x_wconf 87' lang='lat' dir='ltr'><strong>cum</strong></span> <span class='ocrx_word' id='word_1_193' title='bbox 273 3218 377 3277; x_wconf 86' lang='lat' dir='ltr'><strong>radice</strong></span> <span class='ocrx_word' id='word_1_194' title='bbox 392 3217 471 3277; x_wconf 86' lang='lat' dir='ltr'><strong>crini</strong></span> <span class='ocrx_word' id='word_1_195' title='bbox 482 3217 522 3275; x_wconf 88' lang='lat' dir='ltr'><strong>ad</strong></span> <span class='ocrx_word' id='word_1_196' title='bbox 536 3218 649 3278; x_wconf 87' lang='lat' dir='ltr'><strong>radices</strong></span> <span class='ocrx_word' id='word_1_197' title='bbox 663 3216 816 3273; x_wconf 86' lang='lat' dir='ltr'><strong>montium</strong></span> <span class='ocrx_word' id='word_1_198' title='bbox 830 3209 1002 3283; x_wconf 80' lang='lat' dir='ltr'><strong>crescentis,</strong></span> <span class='ocrx_word' id='word_1_199' title='bbox 1016 3203 1107 3275; x_wconf 61' lang='lat' dir='ltr'><strong>vfoliis</strong></span> 
     </span>
     <span class='ocr_line' id='line_1_27' title="bbox 60 3315 1173 3413; baseline -0.009 -25"><span class='ocrx_word' id='word_1_200' title='bbox 60 3331 436 3413; x_wconf 71' lang='lat' dir='ltr'><strong>eucnemi(polycnemi?)</strong></span> <span class='ocrx_word' id='word_1_201' title='bbox 457 3315 606 3406; x_wconf 84' lang='lat' dir='ltr'><strong>montani,</strong></span> <span class='ocrx_word' id='word_1_202' title='bbox 648 3334 763 3392; x_wconf 88' lang='lat' dir='ltr'><strong>semine</strong></span> <span class='ocrx_word' id='word_1_203' title='bbox 799 3331 861 3411; x_wconf 69' lang='lat' dir='ltr'><strong>apii</strong></span> <span class='ocrx_word' id='word_1_204' title='bbox 881 3324 1109 3404; x_wconf 87' lang='lat' dir='ltr'><strong>semperuiren-</strong></span> <span class='ocrx_word' id='word_1_205' title='bbox 1170 3323 1173 3329; x_wconf 86' lang='lat'>&#39;</span> 
     </span>
     <span class='ocr_line' id='line_1_28' title="bbox 59 3433 1109 3535; baseline -0.025 -13"><span class='ocrx_word' id='word_1_206' title='bbox 59 3447 110 3521; x_wconf 79' lang='lat' dir='ltr'><strong>tis,</strong></span> <span class='ocrx_word' id='word_1_207' title='bbox 133 3457 164 3506; x_wconf 90' lang='lat' dir='ltr'><strong>et</strong></span> <span class='ocrx_word' id='word_1_208' title='bbox 178 3449 256 3508; x_wconf 89' lang='lat' dir='ltr'><strong>anisi</strong></span> <span class='ocrx_word' id='word_1_209' title='bbox 273 3452 369 3529; x_wconf 88' lang='lat' dir='ltr'><strong>duplo</strong></span> <span class='ocrx_word' id='word_1_210' title='bbox 386 3433 528 3533; x_wconf 80' lang='lat' dir='ltr'><strong>pondere,</strong></span> <span class='ocrx_word' id='word_1_211' title='bbox 549 3452 593 3510; x_wconf 89' lang='lat' dir='ltr'><strong>ita</strong></span> <span class='ocrx_word' id='word_1_212' title='bbox 608 3460 644 3510; x_wconf 85' lang='lat' dir='ltr'><strong>vt</strong></span> <span class='ocrx_word' id='word_1_213' title='bbox 666 3451 745 3508; x_wconf 77' lang='lat' dir='ltr'><strong>lanx</strong></span> <span class='ocrx_word' id='word_1_214' title='bbox 767 3443 1109 3535; x_wconf 73' lang='lat' dir='ltr'><strong>a1·a‹iicibusdcpressa</strong></span> 
     </span>
     <span class='ocr_line' id='line_1_29' title="bbox 57 3561 1108 3647; baseline 0.001 -24"><span class='ocrx_word' id='word_1_215' title='bbox 57 3566 219 3626; x_wconf 83' lang='lat' dir='ltr'><strong>eleuetur:</strong></span> <span class='ocrx_word' id='word_1_216' title='bbox 241 3568 317 3628; x_wconf 87' lang='lat' dir='ltr'><strong>haec</strong></span> <span class='ocrx_word' id='word_1_217' title='bbox 331 3573 428 3647; x_wconf 90' lang='lat' dir='ltr'><strong>probe</strong></span> <span class='ocrx_word' id='word_1_218' title='bbox 445 3571 568 3629; x_wconf 81' lang='lat' dir='ltr'><strong>subacta</strong></span> <span class='ocrx_word' id='word_1_219' title='bbox 589 3575 620 3627; x_wconf 85' lang='lat' dir='ltr'><strong>et</strong></span> <span class='ocrx_word' id='word_1_220' title='bbox 645 3567 679 3626; x_wconf 90' lang='lat' dir='ltr'><strong>in</strong></span> <span class='ocrx_word' id='word_1_221' title='bbox 692 3585 754 3624; x_wconf 85' lang='lat' dir='ltr'><strong>vno</strong></span> <span class='ocrx_word' id='word_1_222' title='bbox 774 3584 846 3623; x_wconf 86' lang='lat' dir='ltr'><strong>vase</strong></span> <span class='ocrx_word' id='word_1_223' title='bbox 860 3561 986 3622; x_wconf 81' lang='lat' dir='ltr'><strong>confusa</strong></span> <span class='ocrx_word' id='word_1_224' title='bbox 1000 3577 1108 3635; x_wconf 79' lang='lat' dir='ltr'><strong>prom.</strong></span> 
     </span>
    </p>
   </div>
   <div class='ocr_carea' id='block_1_8' title="bbox 53 3677 1105 3767">
    <p class='ocr_par' dir='ltr' id='par_1_8' title="bbox 53 3677 1105 3767">
     <span class='ocr_line' id='line_1_30' title="bbox 53 3677 1105 3767; baseline 0.002 -25"><span class='ocrx_word' id='word_1_225' title='bbox 53 3695 123 3744; x_wconf 84' lang='lat' dir='ltr'><strong>turn</strong></span> <span class='ocrx_word' id='word_1_226' title='bbox 142 3682 269 3744; x_wconf 85' lang='lat' dir='ltr'><strong>habebis¹</strong></span> <span class='ocrx_word' id='word_1_227' title='bbox 285 3687 461 3767; x_wconf 80' lang='lat' dir='ltr'><strong>remedium</strong></span> <span class='ocrx_word' id='word_1_228' title='bbox 484 3709 548 3748; x_wconf 88' lang='lat' dir='ltr'><strong>non</strong></span> <span class='ocrx_word' id='word_1_229' title='bbox 572 3685 675 3746; x_wconf 84' lang='lat' dir='ltr'><strong>solum</strong></span> <span class='ocrx_word' id='word_1_230' title='bbox 696 3693 804 3743; x_wconf 86' lang='lat' dir='ltr'><strong>contra</strong></span> <span class='ocrx_word' id='word_1_231' title='bbox 826 3677 928 3739; x_wconf 68' lang='lat' dir='ltr'><strong>echios</strong></span> <span class='ocrx_word' id='word_1_232' title='bbox 943 3693 1105 3737; x_wconf 71' lang='lat' dir='ltr'><strong>venenum&gt;</strong></span> 
     </span>
    </p>
   </div>
   <div class='ocr_carea' id='block_1_9' title="bbox 0 0 1280 4726">
    <p class='ocr_par' dir='ltr' id='par_1_9' title="bbox 0 0 1280 4726">
     <span class='ocr_line' id='line_1_31' title="bbox 0 0 1280 4726; baseline 0 3"><span class='ocrx_word' id='word_1_233' title='bbox 0 0 1280 4726; x_wconf 95' lang='lat' dir='ltr'><strong> </strong></span> 
     </span>
    </p>
   </div>
  </div>
 </body>
</html>
