2550 4726
450 389 740 464 ranarr'rro.
1081 409 1120 457 ιι

80 591 167 634 meae
184 589 296 634 annos
314 550 443 661 aliquot
457 567 637 655 addiderit,
663 592 762 657 spero
778 567 865 655 fore,
893 581 930 637 vt
945 591 1121 635 commen*
1145 578 1148 593 ²

81 670 171 736 tariis
185 666 408 738 vberioribus
430 669 528 735 editis
545 670 747 758 Fragmenta
770 671 941 737 Nicandri
964 670 1120 758 reliquo-

79 796 154 839 rum
174 772 374 837 carminum
392 771 473 839 satis
495 773 604 839 multa
621 786 655 839 et
668 771 828 859 insignia,
855 774 981 860 passim
1002 784 1119 837 ernen-
1158 792 1163 805 ·
1250 756 1254 765 ¹

75 877 163 957 data,
182 873 315 962 possim
330 873 524 957 adiungere.
578 875 679 954 Quod
693 898 759 962 quo
778 874 906 942 maiore
923 875 1124 941 cumlectot-

73 1000 156 1040 rnm
181 975 305 1040 fructu
327 973 403 1039 fieri
429 975 548 1062 possit,
574 975 736 1064 inprimis
760 980 947 1064 optandum
973 989 1038 1061 est,
1072 987 1121 1062 vt,

76 1079 137 1164 qai
162 1078 201 1142 in
219 1076 338 1142 ltaliae
353 1088 386 1140 et
407 1075 540 1171 Galliae
562 1077 888 1164 Britanniarumque
904 1077 1122 1145 bibliothecis

76 1178 250 1246 reconditi
278 1176 385 1245 latent
406 1180 620 1247 medicorum
651 1194 852 1266 graecorum
879 1193 912 1245 et
935 1179 1126 1246 latinorum
1201 1216 1203 1221 ¹

26 1350 33 1357 ,,
76 1284 117 1346 de
138 1279 284 1348 venenis
302 1275 483 1377 bestiisque
499 1282 672 1351 venenatis
686 1282 780 1368 libri,
801 1282 939 1347 tandem
956 1281 993 1346 in
1009 1281 1125 1347 lucem
1149 1328 1153 1335 «

77 1379 256 1473 protracti,
268 1382 381 1449 vsibus
392 1380 574 1449 hominum
591 1384 772 1451 doctorum
788 1383 978 1450 faciliorem
991 1383 1126 1472 aditum
1172 1387 1175 1393 ’

80 1486 292 1572 praebeant.'
333 1481 477 1552 Aetium
518 1508 692 1570 graecum,
727 1484 871 1552 ,Aelium
909 1484 1127 1569 Promotum,
1154 1506 1156 1511 ’

47 1585 555 1674 ‘blagaumlatrosophistam
582 1587 732 1673 aliosque
760 1586 858 1671 dica,
884 1587 945 1675 qui
973 1586 1126 1654 medico-

76 1713 166 1755 rum
183 1687 419 1777 antiquiorum
445 1688 571 1781 scripta
596 1689 639 1752 de
657 1689 797 1756 venenis
816 1690 1060 1775 compilarunt,
1108 1707 1128 1753 e

75 1790 208 1875 quibus
231 1812 293 1855 sua
312 1787 415 1855 etiam
434 1791 612 1858 Nicander
635 1784 789 1857 duxerat.
841 1791 895 1856 De
918 1787 1020 1881 Aelio
1041 1789 1128 1855 Pro·
1200 1838 1202 1843 -

74 1903 174 1956 moto
194 1891 264 1956 hoc
284 1914 395 1960 vnum
412 1893 535 1958 addere
552 1892 756 1957 nuncliccat
768 1891 823 1975 iis,
841 1914 926 1978 quaa
944 1892 1130 1956 dictasunt

77 1995 115 2057 in
147 1991 370 2059 Praefatione
394 1994 435 2058 ad
460 1991 764 2081 Alexipharmaca.
823 1991 980 2061 Tandem
1012 2003 1129 2057 nactus

79 2093 214 2159 librum
232 2093 307 2162 loll.
329 2118 348 2160 a
370 2092 464 2160 Bona
484 2095 733 2182 praefationem
748 2093 845 2158 Aelii
869 2093 1023 2159 Promoti
1047 2093 1130 2179 legi,

81 2221 184 2281 quam
202 2196 267 2263 illc
287 2197 484 2283 praeposuit
502 2190 717 2288 Λννωμερῷ
733 2194 886 2259 eCodice
898 2196 979 2281 295.
995 2193 1129 2259 Biblio-
1206 2263 1208 2273 ,

87 2297 200 2369 thecae
221 2297 266 2362 D.
284 2297 396 2379 Marci
411 2293 501 2363 edito
520 2293 569 2362 ibi
585 2321 619 2384 p.
638 2315 709 2383 229
728 2320 817 2383 seqq.
835 2297 925 2364 vnde
945 2318 1132 2383 excerpam
1157 2333 1159 2340 ν

88 2417 257 2494 postrema
272 2401 389 2475 'rerbaz
419 2406 451 2473 εἰ
466 2408 506 2474 ’δέ
528 2410 562 2472 το
583 2407 647 2473 τῶν
664 2404 865 2505 νοσημάτων
881 2407 1132 2484 κακοηθεύοιτο
1222 2428 1225 2434 ·

83 2504 167 2588 μήτε
190 2503 376 2605 ᾃναννώοεν
393 2507 479 2595 μήτε
498 2511 538 2600 τῇ
563 2507 624 2576 ant
640 2511 702 2598 τῆς
719 2503 803 2586 ὕλης
828 2497 922 2574 εἶκον
947 2505 1139 2595 θεροωειέρ,4

83 2605 242 2693 δεύτερον
263 2609 454 2694 προσέταξε
479 2613 588 2679 πλοῦν
610 2605 881 2692 (βιβλίον2)’τη“ν
898 2609 963 2673 τῶν
982 2610 1134 2695 φυσικῶς

81 2707 310 2793 ἐνεργούντων
320 2710 378 2774 καὶ
391 2707 635 2802 οἱφράοτῳτινὶ
650 2705 747 2797 ωἰτὲςι
762 2709 821 2773 καὶ
831 2707 973 2791 δυνάμει
987 2732 1135 2792 canayo·
1238 2789 1240 2794 Α

81 2807 163 2892 γῆν,
184 2804 442 2893 περιεργότερον
454 2815 516 2893 μὲν
531 2805 553 2889 ἢ
567 2809 657 2876 κοντοὶ
676 2809 742 2890 τήν
762 2800 847 2874 καθ’
858 2806 950 2892 ἡμᾶς
965 2804 1135 2895 impartiat,
1233 2840 1238 2847 ·

81 2909 185 2976 οὐδὲν
223 2910 261 2974 δὲ
290 2903 378 2993 ὅμως
398 2912 464 2974 τῶν
492 2910 633 2996 ὠφελεῖν
669 2911 885 2994 ἐγνωσμένων
914 2915 1134 2998 ωαρορατὲον.

84 3019 194 3087 Vnde
209 3015 387 3105 discimus,
411 3018 542 3082 librum
559 3017 597 3083 in
612 3003 821 3091 bibliotheca
840 3019 1004 3087 Leidensi
1023 3042 1135 3115 asser,

88 3130 212 3187 ratum
232 3117 542 3207 pertinera‘veluti
566 3118 699 3185 librum
717 3122 905 3187 secundum
929 3142 985 3184 seu
999 3112 1134 3208 partem

86 3225 235 3289 alteram
252 3220 295 3286 ad
311 3217 377 3284 hoc
388 3216 484 3286 Aelii
500 3219 654 3286 Promoti
672 3216 916 3313 Δυναμερόν.
941 3221 1023 3287 Post
1030 3221 1137 3289 Pom.

83 3324 158 3414 peii
174 3322 228 3388 M.
248 3334 404 3408 tempora
423 3321 553 3387 vixisse
568 3319 783 3407 Promotum,
801 3324 1010 3392 Posseuinus
1026 3336 1140 3389 censet

85 3432 126 3494 in
146 3422 365 3489 Bibliotheca
382 3423 503 3509 selecta
521 3422 620 3493 XIV.
647 3446 703 3514 17.
729 3427 789 3511 qui
806 3426 938 3492 librum
956 3428 976 3492 a
995 3416 1139 3490 Mercu'-
1220 3493 1229 3506 .

87 3529 172 3598 riali
195 3526 374 3611 laudatum
391 3521 475 3615 aspi
490 3519 660 3607 ἰοβόλων
679 3528 792 3613 potius
811 3524 1036 3595 Aeschrionis
1053 3527 1138 3593 Em·
1199 3556 1205 3569 ·

84 3612 233 3714 piricia
262 3625 395 3690 Galeno
419 3626 547 3691 laudati
568 3649 637 3691 esse
655 3640 760 3712 putat.
821 3622 938 3695 Aliter
962 3628 1140 3697 Posseuini

83 3739 209 3812 locum
224 3727 397 3812 accepisse
415 3719 615 3791 Fabricium
632 3727 720 3794 Bibl.
747 3730 809 3796 Gr.
828 3729 868 3794 Τ.
885 3728 963 3797 XII.
982 3753 1016 3817 p.
1043 3731 1138 3822 780,

85 3843 211 3915 monet
228 3827 471 3915 Bongiouanni
487 3851 519 3914 p.
537 3828 621 3898 251.
675 3865 684 3874 ·

126 3976 129 3980 Δ
166 3989 296 4057 'Haec
324 3986 525 4076 scripseram
549 4009 664 4053 menso
692 3985 890 4055 Februario.
949 3986 1140 4054 Consilium

282 4241 289 4267 l
