2550 4726
41 429 52 453 ·
158 498 161 507 ,
400 409 546 483 vossio
566 418 726 497 smus.
831 493 855 507 ,Ι
1022 382 1083 507 ipo

23 603 115 665 tem,
136 591 204 650 allii
226 591 336 662 fibras,
358 588 515 648 coriandri
535 589 684 648 siluestris
705 583 817 665 semen,
835 606 967 666 conyzae
984 585 1087 647 tenui-
1154 584 1164 600 '
1207 610 1220 621 r

20 702 137 774 'foliae
156 709 318 790 (feminae)
340 709 414 767 solia
428 705 606 786 lanuginosa
624 705 810 787 [medicata]
841 706 929 766 Potes
944 707 1036 766 etiam
1050 707 1085 764 in
1135 766 1138 767 γ

35 839 120 910 potu
136 829 209 895 dere
223 826 311 906 piper
333 843 448 895 recens,
470 825 657 883 nasturtium
671 822 841 895 Medicum,
863 823 1006 901 puleium
1027 824 1087 882 sso-
1160 862 1162 869 -

38 946 228 1015 ribundum,
263 945 442 1022 strychnum
457 951 488 1000 et
504 943 612 1022 sinapi.
658 940 742 999 Vtile
756 960 879 1034 quoquc
899 952 944 999 est
959 963 1088 1024 porrum

38 1066 188 1127 hortense
200 1062 445 1134 viride,·v1·ticae
460 1060 557 1119 siccae
572 1078 676 1118 semen
687 1035 699 1129 ,.
717 1069 809 1138 caput
824 1059 950 1116 niueum
965 1062 1087 1137 scyllae,

36 1175 210 1243 bulborum
220 1180 341 1257 *semina
359 1179 505 1258 [tunicas]
527 1178 615 1254 sicca,
637 1177 754 1257 caulem
769 1177 928 1261 dracontii,
950 1181 1088 1239 turioncs

41 1301 169 1360 rhamni
179 1295 354 1372 fruticosae,
397 1317 513 1357 nucum
537 1295 604 1376 pini
620 1294 771 1354 siluestris
784 1297 923 1371 nucleos,
955 1297 1088 1356 radicem

41 1418 156 1481 herbae
176 1415 305 1496 scorpii,
330 1432 407 1492 quae
427 1415 553 1474 caudam
576 1413 743 1499 aculeatam
760 1396 928 1492 scorpionis
949 1417 1087 1474 aemula-

43 1521 125 1604 tur,v
149 1536 228 1595 sitias
242 1531 501 1606 Psamatheenses,
541 1549 617 1614 qum
631 1529 771 1608 Trophia
793 1540 824 1589 et
839 1531 940 1609 Copae
956 1536 1118 1616 educant¹
1195 1555 1200 1579 ‘r

44 1651 134 1712 iuxta
150 1652 262 1725 lacum,
303 1671 362 1729 qua
386 1647 510 1730 Cnopus
534 1661 565 1708 et
587 1648 763 1709 Schoeneus
785 1648 875 1707 fluuii
896 1650 1087 1712 illabuntur:

46 1769 181 1848 pistacia,
204 1791 282 1848 quae
306 1768 471 1847 amygdalis
488 1768 603 1827 similia
624 1750 780 1843 Choaspes
799 1766 904 1826 hidiae
920 1767 1035 1830 fluuius
1053 1792 1088 1830 e-

47 1887 147 1963 ducat,
177 1885 360 1960 caucalides,
378 1888 497 1944 semina
511 1887 608 1965 myrti
623 1887 736 1964 uigrm,
760 1885 907 1960 hormini,
929 1887 1088 1965 foeniculi,

28 2006 181 2084 erysimi,
203 2014 233 2062 et
253 2001 415 2081 syluestris
437 2000 544 2063 ciceris
566 2023 635 2060 curn
658 2001 724 2080 ipsa
750 2001 855 2078 planta
878 2006 1087 2082 graueolcntc.

48 2123 157 2183 luuant
185 2122 278 2184 etiam
306 2118 482 2196 sisymbrio,
504 2106 671 2191 nielilorus,
693 2119 863 2179 oenanthae
893 2121 986 2180 flores
1016 2125 1088 2199 albi,
1152 2101 1154 2112 Ι

10 2240 200 2335 ι’ᾏγοΙιηίἀίε
213 2240 303 2299 flores
318 2247 350 2296 et
365 2237 478 2297 rubrae
495 2236 691 2313 thryallidis,
724 2237 802 2297 item
819 2237 934 2298 semina
951 2263 1038 2301 rosae
1058 2252 1089 2301 et

44 2358 160 2439 uiolae:
205 2377 304 2438 porro
333 2355 526 2434 polygonum
554 2375 570 2412 e
599 2352 674 2413 locis
702 2356 869 2430 umbrosis,
891 2334 1089 2435 psilothrum,

43 2475 137 2555 (uitis
152 2475 237 2554 alba)
256 2477 377 2534 fructus
394 2467 515 2552 (semen)
538 2468 701 2550 hyacinthi
726 2473 882 2549 lugubris,
905 2498 995 2556 quem
1012 2481 1089 2539 ado»

14 2590 212 2653 ··lescontem
227 2592 326 2651 olima
336 2609 367 2648 se
375 2587 573 2666 imprudente
583 2589 784 2649 intersectum
792 2592 831 2650 ad
845 2591 977 2652 fluuium
992 2588 1091 2678 Amy-

41 2712 177 2784 claeum,
223 2709 391 2791 (eurotam)
408 2707 480 2764 dum
499 2705 597 2765 discus
610 2705 750 2785 lapideus
767 2730 784 2766 a
801 2728 876 2768 saxo
890 2713 1030 2772 resiliens
1040 2737 1090 2777 ca·
1132 2766 1134 2770 .

39 2825 307 2909 piticolludentis
329 2824 447 2898 incidit,
487 2825 602 2901 Apollo
619 2826 715 2904 luget.
779 2827 872 2886 Misce
893 2831 986 2888 etiam
1001 2833 1091 2911 potui

41 2945 210 3012 trifolimn,
259 2954 291 3002 et
312 2939 462 3020 laserpitii
483 2959 611 2999 succum
634 2945 769 3018 pondere
796 2946 892 3005 trium
909 2951 1091 3029 obolorum;

41 3040 100 3122 aut
115 3060 298 3141 serpyllum,
333 3058 578 3134 autorethmum,
622 3071 676 3119 aut
695 3048 1011 3142 chamaecyparissum
1031 3089 1093 3137 vna

42 3199 118 3240 cum
133 3180 219 3238 aniso
236 3188 267 3238 ct
279 3199 347 3237 rasa
362 3176 464 3237 radice
479 3177 641 3254 laserpitii.
684 3178 765 3238 Hace
786 3179 920 3239 remedia
936 3187 1092 3264 autsimul

43 3298 153 3358 omnia
168 3307 225 3380 esst
237 3299 356 3376 singula
374 3313 510 3354 scorsum
533 3307 602 3355 tuso
624 3305 740 3354 etcum
763 3298 838 3356 vino
861 3311 915 3358 aut
936 3314 1020 3361 aceto
1038 3315 1095 3365 uut>

42 3418 126 3476 lacte
143 3427 196 3474 cut
209 3405 339 3492 denique
355 3432 435 3488 aque
448 3413 546 3470 mixta
560 3424 686 3489 aegroto
702 3417 842 3493 propina.

134 3532 418 3612 Vers.915-.-920.
441 3529 532 3600 Quod
560 3530 586 3588 si
614 3539 644 3588 te
671 3531 751 3591 forte
771 3529 831 3610 iter
856 3534 1018 3608 facientem
1035 3558 1092 3616 per

45 3651 142 3710 siluas
157 3649 243 3728 aquis
259 3657 395 3709 carentes
411 3647 488 3706 ictus
503 3656 693 3723 autmorsus
707 3650 907 3727 oppresserit,
935 3668 1091 3718 memento

46 3766 151 3828 statim
165 3765 340 3845 plantarum
354 3769 442 3826 iuxta
457 3767 538 3826 viam
555 3769 760 3837 crescentium
770 3765 886 3826 radices
901 3781 954 3829 aut
963 3772 1091 3837 herbam

47 3894 104 3943 ant
122 3901 225 3943 semen
252 3886 421 3964 decerpere,
446 3903 564 3942 mansas
582 3905 729 3966 exsugere
748 3905 811 3957 ore,
842 3887 1019 3950 retrimenta
1033 3912 1090 3950 aua

46 4013 109 4065 tem
125 4001 232 4082 plagae
249 4003 421 4080 imponere,
436 4012 478 4061 'vt
489 4002 609 4062 dolores
626 4013 656 4063 et
678 4014 809 4064 mortem
831 4003 964 4086 effugias.
1043 4020 1047 4026 ·
